4446 6220
302 223 355 278 etn
795 217 844 270 un
861 219 906 270 ro
924 221 1023 292 Qnon
1042 222 1101 274 rtn
1122 224 1201 277 nso
1219 225 1322 290 tutin,
1342 238 1400 278 om.
1835 228 1902 284 sn·
1956 261 1961 270 .

256 322 323 376 itm.
337 321 430 390 ,utque
455 316 541 371 tibet-n
565 311 662 381 jndicio
687 310 724 364 de·
743 313 906 364 counexione
930 315 1069 368 sertorum
1126 317 1162 368 ui»
1181 317 1258 368 eertse
1278 320 1295 370 i.
1316 323 1341 372 1.
1360 326 1381 380 ς.
1401 317 1427 369 i.
1441 317 1474 371 de
1487 316 1548 370 :inte
1567 319 1716 388 praelegere.
1733 327 1877 390 impensae
1895 342 1943 382 ap.

250 417 301 458 tem
314 401 522 457 antecedentium
535 416 613 467 quern
625 395 852 462 consequentium,
865 413 897 448 ex
909 413 1072 468 quecumque
1123 411 1178 454 tene
1199 401 1256 472 ipso
1278 405 1343 472 jere
1370 404 1461 456 dotem
1483 404 1625 469 neinnnnt;
1643 407 1691 459 red
1706 411 1779 476 qnod
1805 409 1941 475 diximus,

251 483 446 556 eiptifieetione
464 481 607 554 particulae
623 491 762 534 coeterum
782 479 938 543 resultante,
954 483 1020 534 mitri
1036 494 1071 536 tn·
1124 482 1183 549 ipen
1208 484 1268 550 inre
1294 485 1384 540 dotem
1410 485 1534 550 impensis
1562 488 1669 548 retinui.
1695 509 1751 544 non
1774 494 1814 547 ed
1835 494 1944 564 singule

252 588 316 622 nien
343 568 503 623 metentium
528 565 628 635 plecet,
653 581 747 634 nempe
769 565 911 634 particulae
935 577 1070 624 eaeterum
1124 585 1256 637 corpore,
1275 569 1324 622 sed
1342 571 1382 624 nd
1397 569 1598 622 rennerritntem
1617 574 1670 626 erit
1693 573 1873 643 referendum.
1894 579 1944 632 ite.

251 654 443 708 connexionem
461 651 676 718 consequentium
696 649 834 702 rethorum
847 667 899 702 non
915 653 998 704 elium
1012 671 1070 720 per-
1124 651 1216 718 qussi
1234 650 1346 706 fundum
1368 652 1464 706 hebete
1482 655 1549 708 nolit
1567 657 1609 707 eui
1626 658 1743 728 impense
1763 674 1942 726 euenturerut,

253 738 358 792 mittere
376 752 498 800 sensum,
517 751 594 802 quem
620 743 649 784 nt
674 733 721 786 red
737 750 804 786 vero
824 730 962 802 signilinet.
983 737 1069 788 Verbo
1125 734 1223 800 poterit
1233 735 1313 787 eliens
1325 753 1386 788 rem·
1404 735 1519 790 retinere
1533 737 1659 802 meritus,
1671 751 1748 810 prout
1763 743 1813 812 ipsi
1827 764 1946 798 notumn-

252 839 381 890 nemque,
400 837 457 874 non
478 817 552 874 enim
571 816 702 889 ipsojnre
715 833 878 887 enrpnnnm,
892 820 940 872 sed
951 819 1022 872 dotis
1029 819 1071 890 fit
1124 818 1191 870 dum·
1201 820 1348 886 ridebitur,
1369 819 1446 875 nendo
1464 841 1493 876 ee
1512 823 1548 878 sit
1566 825 1625 877 dete
1646 828 1673 878 in
1688 829 1785 880 dotem.
1798 834 1832 886 Et
1852 832 1873 882 si
1889 849 1941 884 uuo

253 906 406 970 diminutio,
414 903 536 974 quonism
549 919 600 954 non
612 900 644 952 ed
659 902 733 954 serbe
744 902 938 963 enteoedentin,
952 905 1072 958 monebit
1124 905 1175 958 elie
1188 923 1229 962 res
1242 904 1332 970 edent,
1351 916 1411 960 tuoe
1429 907 1607 977 obstringitur
1619 925 1717 980 portem
1732 917 1944 982 qumwmttn„

252 991 336 1060 igitur
351 989 381 1042 in
399 1003 488 1044 rernm
512 987 668 1040 detentione
686 983 770 1038 donee
786 983 814 1037 ei
828 983 957 1053 entrsfine,
976 985 1069 1040 referri
1123 990 1199 1044 istius
1217 991 1332 1044 retinere
1350 990 1377 1042 iu
1394 1009 1472 1060 quem
1491 993 1639 1063 impensum
1660 998 1832 1050 neeessariam
1853 1009 1943 1052 nontu-

253 1083 371 1146 pnssuut,
383 1071 451 1142 nond
464 1072 544 1142 penio
554 1069 746 1139 postprobebo,
757 1087 869 1132 necesse,
883 1072 949 1123 utnd
963 1073 1006 1124 iiie
1017 1089 1072 1134 yer-
1123 1075 1164 1126 lit.
1177 1073 1215 1126 Ex
1223 1093 1274 1143 quo
1288 1076 1344 1140 jure
1354 1074 1497 1130 diminutes
1511 1079 1691 1132 unirersitotis
1702 1079 1850 1150 dependere
1868 1081 1939 1136 eide·

253 1161 285 1214 be
305 1156 464 1220 referentur,
477 1173 543 1226 quse
557 1154 652 1207 iisdem
664 1169 768 1206 sensum
782 1154 895 1224 eiiqnem
909 1173 959 1208 sun·
972 1172 1069 1210 eonne-
1125 1170 1170 1212 tur
1189 1160 1312 1212 resolutio
1325 1159 1499 1230 quaestionis,
1512 1162 1534 1212 si
1555 1178 1613 1229 pers
1626 1163 1673 1216 iste
1687 1164 1842 1218 electe-cusu
1854 1167 1940 1234 perie-

253 1244 333 1295 xioue
346 1239 458 1294 leniunt..
468 1237 507 1289 Ad
521 1237 585 1291 illesi
603 1254 655 1290 nnn
674 1236 723 1288 elie
742 1241 820 1290 rertn
839 1249 897 1306 epte
917 1241 1069 1306 conspicio,
1124 1245 1167 1306 rit,
1180 1245 1327 1310 quaesitost
1338 1263 1370 1296 en
1385 1244 1463 1296 ultere
1477 1262 1536 1314 pers
1550 1245 1600 1314 ipsi
1614 1255 1709 1315 petent,
1723 1259 1749 1300 ut
1763 1249 1881 1300 entrrdern
1895 1267 1940 1316 pn·

252 1341 330 1392 quent
343 1321 419 1377 eerlle
434 1323 636 1386 iete,eeetertem
649 1321 717 1373 doec
729 1319 860 1389 reeseer'et
871 1321 995 1375 desinere
996 1320 1071 1390 fen·
1123 1327 1186 1380 riter
1197 1326 1317 1382 obtinere
1330 1324 1431 1394 possiti
1444 1329 1558 1382 Videtur
1572 1329 1638 1382 iilud
1657 1329 1845 1384 eiirrnreudum
1865 1349 1938 1395 esse,

253 1410 317 1463 dum
336 1424 393 1462 esse
402 1407 521 1461 dotalem
533 1405 580 1458 vel
594 1415 700 1474 partem
719 1405 785 1479 ep'nr·
805 1405 856 1456 nto
874 1407 897 1458 si
917 1406 1071 1472 adjunxeris
1124 1407 1183 1460 ideo
1200 1408 1262 1477 quie
1281 1410 1394 1463 retentio
1412 1417 1437 1460 et
1455 1407 1551 1478 pignus
1569 1410 1653 1478 quoetl
1671 1421 1761 1462 neteem
1780 1409 1941 1464 retentionis

254 1493 341 1556 serbe,
360 1491 502 1546 nonenim
515 1490 646 1563 ipsojnre
665 1508 827 1556 corporum,
840 1493 890 1544 reti
906 1489 1020 1560 dedissit
1033 1493 1071 1544 di·
1124 1492 1199 1563 (uem
1210 1492 1256 1561 jns
1269 1494 1345 1548 reale
1360 1491 1475 1561 simplex
1489 1493 1649 1546 retentionis
1660 1495 1701 1563 jue
1714 1511 1765 1546 nnn
1786 1494 1891 1558 tribuit,
1905 1513 1941 1548 se.

254 1576 374 1632 minotio
388 1593 480 1632 senem
499 1576 568 1645 enit,
586 1573 799 1644 desiuitsundtts
817 1591 875 1628 etse
888 1574 995 1636 intulis,
1007 1576 1072 1643 quio
1125 1585 1154 1629 nt
1166 1577 1207 1643 egi
1228 1577 1311 1646 possit
1329 1589 1419 1628 contre
1433 1575 1556 1644 tertium)
1575 1587 1636 1628 suot
1647 1576 1752 1639 eedern,
1766 1578 1784 1632 i.
1797 1577 1823 1631 d.
1835 1581 1943 1632 de'dote

254 1683 313 1718 nnn
329 1680 476 1734 corporum
495 1661 574 1733 inem
594 1676 629 1713 ex
647 1662 744 1712 iturum
755 1661 933 1714 diminutione
945 1679 997 1713 reon
1012 1681 1069 1730 pro·
1121 1659 1287 1728 praelegente.
1311 1659 1397 1729 igitur
1420 1660 1442 1711 si
1466 1658 1582 1714 detentio
1606 1659 1657 1712 iste
1677 1676 1710 1714 ex
1743 1662 1799 1728 inre
1825 1663 1944 1731 pignoris

255 1747 330 1802 reoit
348 1745 496 1800 diminutio
511 1743 669 1808 dntelitetis,
682 1746 749 1814 quie
757 1745 883 1816 pecnniue
896 1755 923 1797 et
934 1743 1071 1798 fundi-do·
1123 1743 1271 1808 ‹lescenditr
1291 1745 1313 1798 si
1333 1762 1365 1798 ex
1385 1744 1453 1798 dotis
1471 1741 1648 1797 diminutione
1665 1746 1752 1797 oritur
1763 1747 1804 1812 joe
1818 1747 1943 1799 detinen-

254 1833 336 1888 bitum
354 1828 593 1902 compensetinnem
609 1845 661 1880 uon
680 1827 838 1897 potiunturt
858 1845 895 1880 ex
910 1829 1071 1894 ineuntem
1123 1829 1150 1882 di
1170 1831 1196 1882 d.
1216 1829 1234 1882 t.
1251 1829 1283 1884 0..
1295 1827 1329 1884 de
1345 1829 1475 1898 impenee's
1493 1829 1548 1881 dot.
1567 1839 1594 1881 et
1609 1829 1635 1882 d.
1654 1828 1672 1879 l.
1685 1829 1727 1882 00.
1741 1837 1761 1892 §-
1775 1831 1800 1882 n.
1813 1827 1942 1898 inpriore.

254 1913 479 1982 compensetionis
498 1910 656 1964 deseendere
672 1912 713 1977 jus
729 1908 882 1976 detinendi,
901 1921 962 1962 ente
980 1911 1073 1980 probe·
1126 1913 1156 1967 Si
1176 1911 1301 1966 universe
1321 1912 1369 1966 dee
1388 1911 1563 1974 diminuitur,
1582 1930 1635 1965 non
1652 1911 1779 1984 quendem
1796 1911 1943 1983 paredi.

256 2003 344 2064 turo,)
362 1997 410 2051 sed
422 1992 1072 2067 dntisfitdietinntin.Dntelitetisrerodebitum
1128 1999 1152 2050 t.
1172 1994 1205 2050 de
1223 1998 1287 2049 dote
1310 1997 1430 2067 preeleg.
1449 1998 1545 2050 nerito
1570 1996 1674 2052 ridetur
1697 2006 1845 2066 nrmpetere
1864 1997 1944 2068 hypoi

255 2097 281 2137 et
298 2083 469 2152 peantitntie,
490 2099 536 2150 pro
554 2079 660 2151 peribne
678 2077 809 2149 reputeri,
823 2077 937 2132 inierins
950 2077 1075 2149 prohelio.
1127 2080 1201 2132 thece
1221 2079 1248 2130 in
1268 2079 1391 2133 universe
1409 2080 1471 2132 dote
1490 2081 1507 2132 i.
1526 2096 1548 2132 e.
1567 2080 1708 2148 genereiis.
1727 2079 1758 2134 si
1778 2079 1843 2146 lton,
1856 2081 1944 2152 eequi-

255 2169 372 2221 menneo
390 2168 412 2220 si
428 2165 554 2235 portionis
570 2174 711 2219 eeeternm·
726 2171 793 2214 esset
811 2173 872 2216 note
892 2161 1016 2225 ebenrdi,
1029 2179 1077 2216 eur
1126 2177 1181 2230 tuo,
1200 2163 1268 2234 quod
1287 2176 1362 2234 perte
1380 2183 1430 2218 nne
1450 2165 1612 2231 intereunte,
1635 2165 1738 2218 residue
1758 2177 1893 2230 meneent,
1905 2165 1944 2218 ei·

256 2263 410 2322 meretur,
431 2249 540 2302 tondum
555 2258 635 2304 totum
645 2263 703 2300 esee
713 2247 832 2300 desinere
845 2246 956 2300 dotelern
969 2267 999 2300 en
1013 2247 1076 2300 elie·
1128 2247 1211 2310 iente,
1232 2247 1266 2302 nti
1284 2248 1350 2300 niies
1369 2248 1451 2314 juris,
1470 2249 1515 2300 ubi
1540 2262 1701 2319 competente
1720 2249 1835 2318 genereli
1862 2250 1943 2320 hypo·

255 2338 312 2392 ueri
331 2353 407 2410 posse
418 2373 429 2402 ,
445 2355 505 2390 nuru
526 2333 545 2386 i.
564 2331 607 2385 ild.
627 2328 650 2402 5.
658 2330 717 2400 fin.
735 2347 860 2400 expresse
877 2331 942 2384 iliud
961 2326 1077 2384 effirme·
1129 2332 1203 2384 thece
1222 2346 1263 2384 res
1281 2327 1414 2400 quendem·
1427 2330 1516 2384 eieete.
1534 2333 1603 2387 Nem
1623 2336 1645 2386 si
1664 2333 1728 2386 inde
1745 2333 1870 2388 creditori
1890 2353 1942 2388 troo

258 2432 315 2485 tor,
333 2439 427 2494 nempe
445 2418 555 2474 inodum
578 2432 626 2488 per
644 2428 727 2487 portes
747 2417 775 2468 in
789 2425 872 2471 totum
887 2415 1019 2467 mimrtum
1032 2413 1077 2466 de·
1128 2411 1240 2478 setisfit,
1259 2431 1393 2482 regressus
1413 2415 1492 2470 redis
1511 2427 1581 2485 petet
1599 2416 1632 2472 ed
1650 2417 1785 2471 ulteriore.
1806 2419 1943 2472 Proeteree

255 2510 345 2563 suase
362 2523 418 2560 esse
435 2503 566 2571 doteleoe,
583 2514 610 2557 et
627 2501 735 2554 elieneri
749 2514 832 2570 posse.
847 2498 923 2569 Quod
937 2515 1076 2568 argumen-
1127 2500 1190 2554 lieet
1207 2501 1248 2567 jus
1267 2499 1386 2570 pignoris
1407 2502 1502 2554 rnerito
1522 2519 1575 2554 non
1593 2515 1750 2574 eoesrpeteret
1770 2519 1803 2554 ex
1822 2521 1865 2567 eo,
1883 2505 1944 2574 quie

260 2602 319 2646 tuos
339 2588 454 2644 dilucide
472 2587 577 2659 probet,
598 2585 738 2658 porticulus
760 2595 894 2638 coeterum
911 2585 940 2636 in
967 2581 1029 2636 nt
1053 2583 1079 2636 ll·
1128 2581 1268 2636 detinendi
1290 2584 1352 2654 ipsi·
1365 2583 1424 2638 dete
1443 2595 1485 2638 est
1502 2595 1632 2654 potestus,
1650 2597 1762 2642 ettennon
1785 2602 1824 2638 ex·
1844 2603 1874 2640 eo
1892 2587 1944 2656 ipsi

256 2670 476 2744 etrotfieutoonn
490 2689 542 2727 noo
556 2669 758 2738 esee,olioqni,
772 2669 819 2722 sed
832 2667 1026 2731 eerndetn,sed
1036 2685 1078 2721 ne·
1127 2676 1288 2736 competeret
1308 2670 1350 2736 jus
1375 2668 1534 2740 hypothecae
1555 2670 1686 2738 generetis
1703 2669 1758 2740 (so.
1784 2671 1812 2725 in
1838 2680 1890 2723 tote
1918 2686 1946 2720 re

256 2775 287 2812 ro
307 2755 438 2815 denotare.
456 2755 601 2826 (Manebit
618 2753 700 2824 igitur
718 2751 832 2806 meritus
849 2750 878 2806 in
905 2749 1076 2816 detentione,
1129 2751 1191 2814 iiie,
1208 2769 1287 2822 quem
1305 2754 1523 2823 conterrerem)
1542 2752 1612 2824 quod
1631 2753 1767 2821 impensas
1785 2754 1945 2806 ueneeseriee

257 2839 344 2894 donee
361 2840 388 2896 ei
402 2841 551 2911 satisfiet,)
563 2839 683 2910 Eepiieet
696 2837 739 2890 hie
751 2832 1075 2896 edentum-diminutionis,
1128 2833 1253 2890 iudendo
1271 2853 1328 2890 reru
1346 2835 1463 2892 rideetnr
1482 2836 1612 2890 reiecisse.
1631 2837 1649 2890 Ι.
1669 2836 1694 2888 t.
1712 2845 1738 2888 et
1754 2851 1825 2906 seqq.
1839 2831 1881 2902 ff
1899 2835 1946 2902 eni

255 2941 351 2996 nempe
368 2923 437 2995 quod
457 2926 566 2980 meritus
578 2932 679 2976 roeneet
692 2921 720 2974 iu
733 2919 884 2974 detentione
895 2917 932 2969 rei
944 2933 1011 2985 quee
1027 2915 1076 2967 eli·
1127 2919 1230 2988 potior.
1242 2920 1270 2972 in
1287 2919 1396 2991 pigner·
1416 2918 1451 2972 At
1467 2921 1541 2974 enim
1560 2937 1644 2990 neqtn
1661 2935 1694 2972 ex
1710 2921 1768 2986 jure
1787 2917 1946 2973 detentionis

254 3009 472 3080 quotenne-tte
490 3009 627 3068 extiterett
646 3006 691 3060 sed
711 3022 764 3057 rum
776 3001 864 3057 omnis
877 2999 983 3054 etieetue
996 2997 1078 3051 dimi·
1129 3004 1368 3068 meritoeouoesso,
1385 3019 1467 3071 neque
1485 3002 1520 3056 ob
1539 3001 1709 3057 reiectionem
1729 3004 1753 3055 ei
1776 3001 1946 3054 tribuendum

255 3095 333 3148 nute'e
350 3093 494 3150 detulitetis
511 3092 634 3146 consistit
654 3091 682 3142 in
693 3087 851 3142 detentione:
874 3102 933 3138 nem
956 3083 1078 3138 domiuus
1129 3089 1171 3156 jos
1189 3086 1307 3159 pignoris
1325 3087 1354 3138 iu
1375 3103 1416 3139 ree
1435 3085 1548 3150 dotuies3
1567 3103 1628 3140 uene
1645 3084 1672 3140 d.
1690 3087 1708 3140 1.
1726 3085 1751 3138 ll.
1770 3086 1802 3138 de
1825 3085 1947 3155 preeleg-

258 3185 320 3231 tuue
337 3188 467 3241 ereeeret,
486 3175 526 3230 nti
545 3192 577 3228 ex
595 3173 747 3244 nerbiefin.
759 3173 832 3226 ten
849 3169 969 3240 supenius
982 3169 1076 3238 prohe-
1126 3171 1197 3225 dote·
1221 3186 1345 3240 expresse
1368 3169 1514 3226 denleretnr
1535 3173 1585 3238 ius·
1601 3169 1763 3224 detentionis
1788 3171 1885 3223 merito
1913 3171 1948 3223 ob

256 3263 294 3324 ei,
314 3270 342 3314 et
359 3261 474 3318 etieuese
491 3258 686 3330 poteret..iirgn
703 3275 755 3310 non
769 3273 816 3328 pro
827 3252 919 3308 elireto
933 3251 988 3306 sein
1001 3249 1072 3303 dote·
1128 3257 1270 3325 impensor
1280 3255 1439 3308 necessarios
1458 3253 1550 3310 detuns
1569 3270 1623 3308 non
1641 3253 1724 3308 fluere
1743 3271 1775 3306 ex
1787 3255 1843 3322 jure
1854 3253 1947 3324 pigno.

257 3345 343 3399 iitetie
360 3343 517 3398 imminutee
535 3344 728 3413 repetendum,
746 3339 792 3392 ulti
811 3337 877 3409 qnid
903 3351 1076 3398 oonoeesnm,
1128 3340 1181 3402 rie,
1201 3337 1248 3391 sed
1266 3354 1299 3392 ex
1319 3338 1511 3392 imminutione
1530 3339 1557 3392 lt.
1575 3356 1598 3392 e.
1617 3355 1648 3392 ex
1667 3337 1824 3408 plenissime
1836 3338 1949 3408 eequisi·

257 3428 347 3484 debito
365 3425 597 3496 effectu-ejusdem
614 3425 698 3478 mutto
711 3421 973 3492 irtierius,queieest
986 3419 1076 3470 deten-
1127 3423 1207 3478 tinue.
1224 3421 1291 3474 Nem
1308 3424 1362 3490 jere
1386 3434 1459 3476 entee
1483 3421 1614 3474 dunione
1633 3440 1722 3475 rernm
1750 3421 1881 3475 dotalium
1901 3421 1949 3474 du·

259 3511 307 3567 tin·
326 3514 416 3572 Potest
434 3509 607 3580 itaquedini,
624 3505 802 3562 detentionem
820 3521 928 3560 omnent
940 3517 996 3554 esse
1016 3497 1078 3552 effe·
1129 3519 1203 3560 rente
1219 3504 1383 3560 solummodo
1399 3505 1533 3560 detulitete
1544 3515 1616 3570 eret,
1632 3505 1722 3575 prino·
1737 3505 1766 3578 j
1778 3506 1948 3575 pnr'eiiennr.

257 3609 328 3650 cium
347 3597 426 3668 legis,
445 3589 858 3662 ic.lllltte,qtteeittitdldnettdl
873 3581 1076 3649 inhibet,etei·
1126 3609 1196 3658 pose.
1216 3591 1288 3642 Haec
1314 3589 1587 3645 refojtnminutione
1610 3605 1660 3642 une
1683 3598 1780 3642 cenent,
1810 3588 1948 3657 Apponm

255 3676 328 3746 finit,
348 3691 377 3735 ut
393 3681 424 3732 in
442 3695 543 3751 uuskm
561 3675 632 3730 dolls
649 3691 691 3728 tu
710 3681 866 3733 methim.
881 3665 1077 3738 ‘immilem
1128 3673 1203 3726 serbe
1215 3675 1242 3726 d.
1256 3673 1275 3726 l.
1290 3675 1316 3726 ii.
1328 3675 1401 3728 Dete
1411 3675 1533 3745 relegato
1546 3693 1602 3728 non
1617 3673 1758 3728 estieueres
1782 3671 1949 3740 andiendus,

256 3764 333 3821 ieetis
352 3765 480 3836 impensis
496 3761 652 3816 necessariis
670 3768 793 3820 exueret,
811 3757 877 3808 been
892 3754 979 3808 estete
998 3751 1016 3803 l·
1034 3751 1078 3802 lid·
1129 3756 1160 3810 si
1173 3757 1235 3810 uelit
1254 3755 1289 3808 ob
1305 3745 1469 3812 deuotione}
1487 3758 1518 3811 in
1531 3759 1668 3814 mulierem
1677 3759 1772 3829 fietne
1781 3760 1947 3814 solutionem

256 3849 345 3920 §.flio
366 3867 417 3902 uon
437 3845 632 3903 retneemdern
651 3857 707 3895 esse
724 3839 847 3894 effoetum
864 3853 970 3891 omnem
987 3835 1077 3886 immi·
1128 3839 1257 3910 differre,
1277 3841 1326 3893 vei
1347 3843 1382 3894 ob
1404 3842 1545 3912 deputent
1565 3845 1653 3907 olias,
1677 3859 1758 3915 quern
1784 3863 1856 3910 pune
1883 3844 1943 3912 ipso

176 3979 179 3986 ,
261 3943 341 3986 milne
359 3929 513 3984 dodilllllll·
531 3929 602 3978 fluet
619 3923 692 3977 enlm
712 3933 738 3974 tl
755 3923 797 3989 iti}
809 3918 947 3972 'eilmend‘t
960 3917 1076 3970 wnilde*
1124 3925 1186 3994 iure
1197 3925 1286 3980 dotem
1301 3923 1441 3982 mianum
1453 3928 1530 3983 aliud
1540 3927 1612 3982 pm'm
1625 3941 1680 3992 m,
1696 3929 1946 3999 miaopsgmficmm

257 4013 310 4066 bet.
324 4011 459 4066 Caeterum
474 4009 622 4080 speeieiiter
635 4005 795 4060 monendum
810 4003 888 4066 dull,
899 4001 1075 4057 deleflllom
1128 4009 1598 4080 eseedotenr,pnndperneeesenrins
1611 4011 1745 4083 impensor
1756 4013 1948 4077 ecciditmiiud

258 4099 325 4150 hone
343 4115 395 4150 non
414 4112 473 4150 esse
488 4093 609 4150 edentum
629 4095 718 4159 iilius,
734 4093 803 4160 quod
824 4107 875 4142 non
886 4103 993 4156 eorporn
1008 4085 1077 4139 dotis
1124 4092 1379 4163 pignortmmr'ne
1397 4093 1511 4150 retinere·
1527 4096 1632 4162 dotem,
1645 4097 1680 4150 ob
1697 4115 1747 4163 ea,
1761 4118 1833 4168 quae
1852 4102 1945 4156 multe.

256 4171 1075 4251 eeddosipsojurediminuetur.itnpensiniiideturillndeon·
1127 4192 1185 4228 rem
1208 4173 1320 4230 invirum
1342 4187 1615 4250 proestareeequnm
1634 4191 1682 4234 ese.
1708 4180 1813 4236 tttneee
1830 4199 1862 4237 ex
1881 4187 1906 4237 d.
1926 4189 1945 4241 i.

254 4263 411 4316 cludendum
423 4279 480 4314 esse
490 4277 523 4316 es
538 4260 623 4314 serbis
636 4298 643 4324 ,
657 4260 734 4314 serbe
746 4271 885 4312 eneternm
896 4255 963 4310 lteee
975 4271 1018 4309 ree
1024 4253 1077 4324 fir·

254 4343 304 4401 ciet
310 4383 321 4412 ,
333 4345 453 4398 desinere
467 4362 522 4398 esee
533 4343 651 4398 dotalem
663 4346 710 4397 vei
717 4356 820 4414 portem
832 4339 1077 4415 durrenbseqnen·

256 4429 327 4484 tibus
341 4441 367 4484 et
378 4427 654 4499 jemjemtruoteudie,
668 4427 810 4482 nonenim
830 4427 887 4495 ipso
899 4425 965 4498 jure
983 4439 1076 4494 norpe-

256 4531 332 4579 rnm,
349 4511 400 4567 sed
416 4513 486 4567 dotis
493 4512 538 4582 fit.
553 4510 704 4565 diminutio.
726 4513 822 4562 Verum
841 4507 918 4560 serbe
938 4507 1001 4558 hene
1018 4521 1077 4556 non

253 4598 326 4654 enim
339 4608 388 4654 ete·
402 4615 454 4655 nnn
465 4607 527 4650 sunt
540 4597 637 4666 scripte
650 4593 681 4646 ed
696 4591 854 4663 prodendum
869 4589 996 4642 retinnenr
1007 4603 1073 4650 ,eur

260 4686 287 4751 ip
299 4681 514 4745 detentiouesit,
528 4697 576 4732 nen
591 4679 680 4730 itebeet
695 4675 844 4728 locuitetern
854 4673 987 4728 elienendi
998 4672 1071 4739 (ile-

209 4817 215 4830 ,
256 4769 297 4821 bet
311 4768 382 4822 enirn
398 4763 547 4819 tenultatem
559 4760 707 4823 elienendi,
720 4759 759 4811 oti
769 4757 864 4812 teoto·
875 4756 900 4809 d·
913 4756 931 4810 l.
945 4756 987 4808 tte.
997 4753 1075 4825 §.fin-

256 4851 393 4908 Seuerolee
408 4847 565 4902 sententioso
577 4847 710 4900 iliustrens
719 4837 881 4913 profitetur,
893 4851 919 4893 et
933 4855 1085 4909 expresse,

254 4937 318 5008 qnia
329 4931 459 4990 dotalitee
469 4930 622 5000 diminute)
635 4927 680 4984 sed
691 4927 781 4981 eedem
795 4935 857 4978 sunt
870 4924 965 4994 seripte
977 4922 1010 4978 ed
1030 4923 1074 4976 de·

257 5021 442 5080 ntoretiooem,
457 5031 502 5068 our
512 5013 615 5074 desinet
628 5029 686 5066 esee
696 5010 808 5074 dntelie,
818 5007 886 5080 qued
900 5008 1002 5070 serbis,
1014 5023 1075 5060 nee-

256 5115 342 5160 terum
358 5106 424 5158 leoee
437 5097 587 5170 ressnniet,
599 5094 722 5150 desinere
733 5110 787 5148 esee
803 5089 921 5158 sendum
940 5091 1072 5155 dotalem,

255 5189 296 5242 nel
304 5199 409 5258 portem
421 5186 487 5256 eins,
501 5183 690 5238 nontiuebetnr.
700 5179 751 5235 Sed
759 5195 895 5251 qneeretes
908 5178 935 5248 (t
941 5177 1074 5246 innumo-

1128 4264 1194 4326 14.
1213 4260 1237 4316 l.
1256 4262 1393 4317 uoo·iilnd
1411 4263 1545 4332 sequitur,
1562 4267 1633 4333 quod
1657 4283 1833 4337 quercumque
1856 4286 1898 4325 res
1917 4273 1945 4324 in

1127 4345 1214 4402 dotent
1233 4345 1307 4401 detes
1320 4365 1368 4416 pro
1384 4349 1532 4418 quentitete
1545 4349 1680 4417 impensor
1698 4351 1814 4405 retinere
1833 4356 1944 4407 meritus

1126 4430 1220 4500 possit·
1241 4430 1293 4485 sed
1312 4447 1406 4483 sensus
1424 4431 1450 4484 d.
1467 4431 1486 4481 i.
1506 4433 1531 4482 1.
1549 4433 1570 4497 ς.
1591 4432 1614 4484 i.
1636 4432 1679 4485 hie
1697 4445 1753 4494 estt
1767 4435 1789 4486 si
1811 4438 1947 4506 impensae

1127 4511 1225 4575 ieetee,
1248 4528 1302 4566 nou
1325 4529 1445 4584 corpore,
1467 4513 1496 4566 iu
1520 4532 1587 4584 qnee
1611 4515 1694 4579 iente,
1713 4519 1841 4572 oensende
1868 4533 1947 4574 eruut

1126 4593 1255 4648 diminute
1273 4595 1368 4665 (eujtu
1387 4596 1455 4648 retio
1475 4597 1602 4666 superius·
1614 4615 1646 4650 ex
1666 4599 1684 4650 i.
1704 4599 1729 4652 li.
1739 4615 1782 4669 pr.
1792 4601 1825 4654 de
1837 4602 1945 4666 impens.

1125 4675 1181 4730 dote
1202 4675 1316 4748 tredite)
1328 4679 1373 4729 sed
1391 4677 1541 4732 eestimetio
1558 4678 1627 4732 dotis
1647 4682 1789 4734 unirereee.
1802 4698 1823 4732 e.
1838 4699 1862 4750 g.
1881 4700 1944 4751 egro

1126 4764 1189 4816 20⁰.
1215 4761 1384 4832 imperalium
1409 4762 1467 4815 detn
1492 4763 1520 4814 in
1548 4763 1652 4827 dotem,
1676 4773 1703 4816 et
1728 4765 1836 4817 reditun
1863 4766 1940 4816 1000.

1126 4847 1198 4902 Adeo
1215 4855 1245 4899 nt
1262 4844 1309 4896 dos
1331 4845 1410 4898 tenu,
1424 4846 1608 4914 imperieliltos
1620 4857 1735 4910 constet,
1749 4845 1832 4901 ioetee
1844 4849 1946 4902 inerant

1126 4935 1260 5004 impensae
1283 4931 1312 4984 in
1333 4930 1410 4984 eedes
1437 4932 1498 4985 300.
1523 4931 1704 5000 imperieiium
1733 4933 1844 4986 uelnrern
1871 4953 1945 4990 exto·

1125 5027 1252 5088 quentes,
1276 5017 1421 5070 dotem-ex
1445 5033 1475 5068 en
1502 5025 1618 5085 tempore
1644 5033 1696 5068 non
1722 5017 1838 5088 emplius
1866 5021 1945 5070 ¹200.

1127 5099 1274 5171 imperielie
1293 5099 1649 5172 oonttoere,se·1900.ttoe
1667 5099 1764 5153 exinde
1782 5103 1945 5171 probabilius

1125 5183 1292 5238 eonclodere¹
1306 5183 1411 5248 iicebit,
1430 5199 1508 5252 quem
1536 5193 1565 5234 ut
1582 5201 1754 5254 questumque
1773 5199 1814 5237 ree
1834 5189 1948 5242 retinere

255 5273 289 5326 de
303 5281 391 5326 menet
404 5272 431 5324 in
450 5267 622 5323 detentione?
639 5265 690 5336 (2.)
708 5264 760 5318 Cur
779 5276 864 5318 menet
881 5263 909 5316 in
928 5261 1076 5315 detentione
1126 5267 1208 5322 lieeet.
1226 5265 1275 5318 Cui
1295 5265 1358 5318 setis
1378 5267 1515 5337 perspicue
1533 5265 1706 5337 adstipuletur
1724 5267 1742 5319 l.
1762 5265 1806 5319 tt.
1824 5265 1847 5338 fi.
1868 5272 1893 5320 t.
1911 5271 1944 5324 de

254 5355 322 5422 quod
334 5354 463 5409 dotelitete
476 5351 713 5406 ineritdiruinntus
723 5344 891 5400 inodori.id
903 5343 1018 5416 primum
1029 5362 1073 5398 re·
1125 5351 1175 5422 ¹⁶8·
1194 5351 1220 5404 2,
1246 5352 1379 5405 peretot-e.
1403 5349 1470 5402 rothi
1496 5347 1617 5413 videtur,
1637 5349 1748 5402 nollem·
1766 5352 1941 5406 retentionem

252 5441 387 5514 spondeo,
406 5439 489 5496 rideri
509 5454 585 5510 posse
603 5435 700 5490 dorem
716 5451 767 5488 non
794 5430 917 5486 imminui
941 5429 989 5482 illo
1013 5447 1073 5484 eor·
1125 5451 1158 5488 ex
1173 5438 1232 5505 jere
1257 5432 1377 5504 pignoris
1400 5435 1556 5502 provenire,
1579 5431 1631 5484 nisi
1659 5430 1730 5482 illern
1754 5447 1819 5499 qoee
1843 5447 1874 5482 ex
1904 5437 1943 5502 pi-

254 5545 334 5594 pnre,
354 5525 394 5578 rui
422 5523 539 5594 impense
562 5516 807 5580 ueressurieieete,
822 5515 866 5568 sed
882 5509 1072 5576 ultimitate]
1125 5537 1204 5582 ‚nuore-
1224 5520 1281 5587 ipeo
1300 5520 1357 5583 inre
1374 5517 1513 5570 constituto
1536 5516 1671 5584 competit.
1697 5516 1768 5568 Telis
1788 5524 1844 5578 est,
1864 5535 1940 5584 nestro

252 5610 281 5664 id
299 5625 355 5678 eet,
379 5609 463 5682 pute-l
488 5605 576 5662 nuertie
601 5619 664 5674 quae
688 5603 748 5655 dote
779 5600 961 5662 mutini-ntus,
993 5600 1085 5668 inpe-
1126 5606 1238 5676 respexit
1259 5603 1379 5657 iuttts=irt
1400 5601 1618 5656 midde-dote
1635 5601 1797 5671 ¹ntor-lepore.
1825 5601 1943 5653 t'rsrten-
