4454 6214
244 245 305 298 rm
737 243 785 298 oe
804 243 849 300 eu
870 248 972 319 oron
990 247 1048 304 atr
1068 249 1149 304 reso
1166 249 1274 318 acan,
1292 264 1353 308 rau
1785 261 1842 314 rrt

192 340 341 394 terecurrit
354 351 377 396 et
389 341 533 414 appellatio
549 340 669 411 deserta,
687 344 757 415 qood
777 362 809 400 ex
828 359 943 420 tempora
961 367 1020 404 seo·
1072 353 1229 420 paroemiam,
1236 347 1434 414 ratumena
1446 353 1647 420 montreetatn
1659 345 1812 405 tielnfamia
1824 353 1895 421 juris

195 426 298 478 tentiae
311 423 436 479 infamiae
448 437 529 480 ortus.
544 425 585 477 Ex
604 426 652 480 boc
670 426 777 497 quidem
798 427 933 499 probatur.
952 431 1022 502 mand
1072 447 1099 491 et
1108 435 1204 505 judicis
1216 431 1412 490 natuturam
1425 431 1469 487 bic
1481 434 1553 486 tucos
1564 433 1675 504 ei,quod
1684 433 1894 500 Cujaciusaticn·

194 507 290 560 delicte
310 505 406 562 fumosa
431 529 483 564 non
507 509 559 562 nisi
579 511 708 564 mnteotia
727 511 836 564 iotamia
857 515 1023 570 mulctentur.
1074 521 1099 572 bi
1112 522 1163 572 ait:
1177 537 1255 574 error
1262 516 1333 586 iuris
1342 515 1431 568 ciuilis
1442 516 1634 586 interpretum,
1647 519 1755 588 peperit
1772 538 1893 577 errorem

196 592 255 645 Sed
274 593 342 661 qrrod
361 595 453 650 eadem
473 607 525 650 tem
541 597 693 658 necessaria,
705 606 733 647 ut
746 599 787 664 jus
799 617 851 652 uon
863 601 941 655 estrat
954 600 1021 654 infa·
1070 605 1242 658 conditorum
1249 601 1321 670 iuris
1332 599 1471 654 canonici.
1490 600 1626 655 Caeterum
1645 620 1758 664 mannes
1775 607 1892 674 ejusmo-

196 677 270 732 miee
284 680 376 734 indere
395 683 478 746 eires,
498 682 550 734 uisi
572 697 619 752 per
636 683 809 750 sententium,
829 685 867 738 rel
887 705 932 756 per
949 689 1019 756 judi·
1073 691 1099 743 di
1115 692 1215 762 quibus
1232 689 1363 746 sententio
1383 688 1496 754 inserte,
1509 692 1673 761 appellantur·
1684 695 1795 746 solemni
1816 713 1894 749 oeno-

197 779 273 826 rem,
289 765 327 816 ret
340 764 526 836 perseipsum
539 764 780 836 pronunciandam,
794 785 846 821 noo
862 770 1021 827 videncet·
1073 775 1152 829 oistis
1170 777 1302 828 montione
1319 790 1440 828 canones
1459 775 1526 828 tuae
1543 777 1709 842 sententiae,
1729 786 1756 830 et
1774 778 1819 832 ubi
1831 797 1898 834 sets·

200 853 227 898 to
244 845 311 896 mibi
326 847 462 916 persuasi,
478 847 637 901 seutentiam
653 866 706 902 non
724 851 868 906 adhibitam
882 857 940 924 jure
953 859 1022 928 ipso,
1075 861 1155 912 tentia
1174 861 1207 912 erl
1219 858 1314 928 indicia
1328 858 1494 910 interuallum
1508 870 1654 922 reseruata,
1665 861 1893 930 eonenesfiren·

197 930 262 997 ‘lui'
282 929 816 1004 boecorattactiujudicii,q,0,1p„
837 938 904 1005 jus,
922 953 952 994 ut
974 957 1022 994 ens
1072 941 1124 998 doe
1141 943 1291 998 sententiae
1308 959 1370 1008 cap.
1388 941 1461 1011 quod
1479 940 1512 993 de
1529 941 1580 994 iris.
1605 943 1649 994 nt.
1667 959 1696 996 τ.
1720 943 1754 996 de
1777 955 1895 1001 tetttent.

196 1013 331 1087 quoddam
351 1015 522 1072 inanimatam
539 1027 654 1087 tempore
670 1017 758 1073 delicti
778 1023 910 1090 peregisse
935 1023 1023 1079 dicere
1072 1024 1378 1082 excommunicantium
1396 1023 1465 1093 quod
1485 1024 1522 1075 ibi
1543 1024 1599 1096 ipae
1622 1041 1705 1078 canon
1732 1030 1894 1082 senteutiam

198 1096 356 1153 absurdum.
375 1098 448 1152 Etsi
468 1098 486 1151 l.
508 1101 550 1152 ttt.
559 1097 602 1168 ff.
621 1103 671 1172 qui
688 1113 714 1156 et
731 1121 749 1158 a
763 1103 859 1172 quitur
873 1108 1022 1160 monetaria.
1074 1113 1251 1186 pronunciet,
1269 1110 1440 1180 appellandus
1457 1105 1529 1161 enim
1549 1127 1639 1162 caenon
1658 1109 1759 1180 serens
1784 1125 1893 1167 senten·

199 1180 359 1248 indubium,
378 1183 435 1251 ipso
445 1185 513 1257 jure
530 1185 633 1238 crimen
650 1187 735 1240 laesae
753 1189 896 1258 majestatis
914 1192 1022 1263 puniri,
1072 1199 1157 1260 riom,
1175 1213 1265 1250 rerum
1283 1194 1343 1264 quia
1362 1194 1448 1246 tutam
1469 1203 1578 1246 testatur
1598 1200 1715 1264 tempore
1733 1195 1834 1250 conditi
1849 1215 1893 1248 ca-

198 1265 238 1320 ita
260 1277 363 1331 tameo,
382 1285 414 1320 ne
433 1269 567 1322 sententia
585 1269 637 1338 juri
657 1271 709 1337 ipsi
727 1289 808 1341 opust
823 1291 871 1328 cut·
884 1293 934 1328 uon
949 1278 1021 1331 idem
1075 1283 1175 1348 tronis,
1194 1280 1239 1334 aed
1258 1280 1327 1349 juris
1346 1279 1369 1332 ri
1389 1277 1567 1348 interponitur
1585 1292 1639 1346 post
1666 1291 1768 1349 tempos
1793 1282 1894 1352 peccati

195 1351 248 1404 boc
266 1352 298 1403 io
309 1347 436 1402 infamiae
457 1350 516 1419 ipso
529 1352 586 1418 iure
601 1351 760 1422 infligenda,
774 1355 842 1423 juris
852 1358 1021 1428 opinandum.
1073 1366 1227 1436 perpetrati.
1244 1361 1286 1435 (l)
1304 1363 1357 1433 Qui
1374 1361 1497 1416 clericum
1519 1363 1669 1416 uerberibus
1686 1378 1896 1436 percusserunt,

198 1434 404 1503 necutrumque
418 1432 468 1498 sit,
483 1434 626 1488 scieturex
643 1436 858 1507 praecedentibus
875 1440 963 1508 ipsum
976 1467 1022 1518 ap·
1073 1449 1096 1500 si
1116 1447 1177 1500 laici
1194 1445 1494 1500 excommunicationem
1514 1446 1667 1516 incurrunt,
1693 1467 1708 1500 e
1726 1467 1776 1518 qua
1796 1467 1843 1520 per
1855 1453 1893 1504 te·

194 1517 291 1588 pellari
313 1535 387 1588 prosse
398 1517 450 1590 jas
461 1517 516 1572 siae
534 1536 582 1591 per·
601 1523 759 1574 sententiam
777 1535 914 1594 operatum
929 1527 1021 1597 fucrit,
1070 1542 1160 1600 gotum
1178 1550 1197 1586 te
1215 1532 1299 1583 tatere
1316 1529 1412 1581 absolsi
1427 1544 1501 1598 posse
1514 1529 1637 1585 dicuntur
1650 1550 1709 1602 cop.
1722 1535 1760 1587 ad
1771 1537 1893 1590 emiuen-

194 1605 254 1660 siae
273 1603 390 1673 simplici
414 1603 590 1674 dispositione
608 1603 744 1657 infamiam
764 1623 797 1658 ex
818 1618 936 1680 tempore
954 1610 1017 1666 deli·
1073 1615 1139 1667 tt'om
1154 1615 1198 1666 20.
1217 1631 1246 1666 e.
1259 1612 1292 1666 de
1305 1623 1418 1667 sentent.
1429 1615 1656 1667 excommunicet.
1670 1615 1773 1670 Pariter
1787 1616 1834 1670 boc
1847 1617 1893 1672 de·

193 1695 232 1746 cti
248 1687 424 1756 infligendam
437 1687 571 1754 auxerim
584 1706 643 1741 netu
657 1699 766 1760 utroque
777 1709 838 1746 casn
851 1695 948 1764 respici
964 1707 1021 1766 pot·
1074 1707 1146 1750 notet
1164 1700 1243 1752 tutam
1262 1697 1323 1764 ipso
1334 1697 1401 1768 jure
1418 1698 1574 1750 senteutiam
1593 1700 1892 1766 excommnuicationis,

192 1789 234 1834 aet
255 1793 308 1829 oon
330 1772 447 1828 adhibita
466 1773 533 1826 alius
549 1790 644 1842 opera,
658 1791 751 1846 nempe
763 1775 860 1842 judicie
878 1778 1023 1832 sententio·
1074 1781 1195 1848 loquente
1212 1780 1290 1832 serbo
1308 1783 1482 1833 incurrerunt
1499 1781 1531 1833 de
1551 1780 1621 1833 facto
1645 1783 1804 1850 praeterito,
1822 1783 1894 1854 quud

195 1861 453 1928 arantinbutequent
465 1859 644 1928 derelinquam
659 1862 797 1914 materiem
811 1863 878 1914 benc
889 1863 1022 1934 infamiae,
1074 1880 1126 1916 non
1145 1862 1218 1914 atiud
1236 1873 1293 1926 cst,
1310 1879 1386 1932 quam
1408 1861 1505 1914 facturn
1524 1861 1606 1934 ipsius
1623 1865 1698 1932 juria.
1718 1866 1795 1934 Quod
1808 1865 1893 1920 decla·

195 1963 251 2000 non
270 1943 463 2010 omittendum,
481 1943 539 2012 ipso
554 1943 618 2012 iare
635 1943 688 1996 dici
710 1963 786 2015 posse
811 1945 937 2000 infamem
957 1969 1021 2019 quo-
1076 1957 1149 2000 ratur
1166 1966 1226 2018 cup.
1244 1957 1336 2000 tanuen
1357 1945 1505 2000 eradicatio.
1523 1963 1553 2001 e.
1566 1947 1625 2000 eod.
1643 1948 1687 1999 ubi
1700 1951 1899 2020 espresseipeo

195 2049 249 2101 que
268 2026 329 2083 lieri
347 2031 479 2082 sententia
497 2028 597 2098 publici
618 2028 728 2096 judicii,
746 2030 796 2083 boo
814 2043 942 2101 respectu.
955 2031 1021 2088 Cura
1074 2033 1133 2099 jure
1150 2031 1424 2085 excommunicatione
1436 2029 1518 2083 notari
1537 2029 1648 2096 dicitnr,
1666 2031 1789 2085 clericum
1804 2033 1894 2086 serbe-

193 2117 241 2170 utt
265 2113 366 2184 jndicio
387 2115 526 2167 damnatus
545 2130 593 2166 nec
612 2115 760 2167 sententiae
778 2114 906 2168 infamiae
924 2120 1024 2172 mentio
1075 2115 1238 2184 consequuti
1259 2125 1345 2169 tamen
1364 2113 1464 2176 ibidem
1484 2111 1612 2166 limitatur
1630 2114 1658 2166 in
1683 2114 1780 2168 nterim
1800 2115 1897 2169 babitu

193 2201 296 2254 inserta
317 2235 327 2264 ,
345 2197 471 2252 infamiae
490 2197 677 2269 impingendae
695 2199 871 2252 nibilominus
894 2204 1022 2254 seruantia
1074 2200 1201 2264 seculari,
1220 2209 1248 2250 et
1265 2200 1349 2252 armis
1368 2207 1397 2252 ut
1416 2199 1494 2252 mites
1512 2198 1662 2264 incedente,
1677 2199 1698 2250 si
1716 2199 1794 2252 tertio
1808 2203 1892 2252 mnni-

195 2281 312 2340 suffieit.
330 2299 391 2352 urg.
409 2283 427 2335 t.
446 2283 471 2334 ’1.
481 2281 523 2352 ff.
549 2283 582 2336 de
600 2294 715 2338 ecetrsut.
734 2283 778 2336 nbi
798 2283 929 2336 sententia
953 2285 1020 2338 infa·
1075 2292 1115 2335 tus
1132 2303 1146 2336 a
1166 2284 1279 2354 praelato
1297 2301 1360 2348 sno,
1377 2300 1428 2354 qno
1440 2299 1511 2335 arma
1526 2281 1645 2351 deponat.
1661 2283 1755 2337 Addita
1767 2296 1806 2336 est
1821 2288 1897 2340 ratio

196 2386 279 2424 mene
295 2369 410 2436 dicitur,
429 2385 482 2421 non
503 2383 563 2420 sero
582 2365 728 2434 adjicitur,
747 2365 769 2418 ei
784 2367 943 2420 mentionem
958 2368 1023 2422 infe·
1073 2366 1184 2436 tepida,
1204 2377 1230 2420 ut
1245 2365 1298 2435 juri
1317 2367 1443 2419 canonico
1468 2376 1636 2430 consuetum,
1656 2370 1720 2438 quatis
1745 2379 1894 2425 matronae

196 2452 269 2507 miae
286 2454 420 2506 sententia
432 2451 573 2506 contineat.
591 2452 690 2502 Verum
704 2448 843 2501 infamiam
855 2449 929 2502 ittam
951 2462 1022 2506 recta
1074 2453 1149 2504 truita
1167 2449 1356 2520 querimoniae
1372 2467 1474 2516 consu,
1493 2453 1521 2503 sr'
1535 2449 1662 2506 lacessita
1678 2470 1737 2505 cam
1756 2465 1825 2507 ueste
1836 2473 1892 2507 me-

194 2537 258 2606 ipso
274 2538 381 2605 jureori
391 2535 434 2600 ri,
453 2546 522 2591 recte
539 2533 598 2604 quis
611 2533 728 2600 dixerit,
743 2533 833 2586 tabita
847 2548 882 2586 sc.
894 2535 1022 2588 relatione
1072 2535 1194 2590 retricob'
1204 2534 1375 2604 tbprettenro.
1387 2532 1438 2604 (3.)
1452 2533 1504 2604 Qui
1519 2534 1633 2589 instante
1646 2547 1730 2590 morte
1742 2537 1775 2590 ab
1785 2554 1891 2592 execto-

195 2621 313 2676 adalind
327 2620 408 2692 quid,
428 2636 465 2674 ec.
481 2619 515 2672 ad
534 2617 600 2672 illud
621 2617 767 2672 sententiae
784 2629 858 2670 extra
885 2633 913 2672 se
937 2619 1021 2690 ipsam
1074 2619 1253 2672 mutricatione
1270 2617 1441 2672 abstultendos
1461 2617 1511 2669 fnit
1530 2635 1576 2688 per
1593 2618 1690 2684 illunt,
1716 2620 1757 2674 cni
1776 2620 1840 2674 alias
1862 2619 1896 2675 id

195 2708 230 2762 ad
252 2706 393 2774 parandam
414 2702 551 2758 infamiam
577 2703 708 2772 judicatur
733 2703 930 2756 necessarium.
956 2703 974 2752 i.
999 2721 1023 2756 e.
1072 2702 1139 2770 juris
1158 2721 1211 2755 nou
1229 2703 1409 2772 competebat,
1428 2701 1451 2755 si
1469 2715 1584 2756 cessante
1602 2703 1717 2774 periculo
1735 2707 1899 2776 eeoonilti,

201 2789 303 2848 mentio
321 2805 455 2859 expressa.
473 2787 507 2840 Et
525 2788 574 2839 boc
592 2804 651 2838 casu
670 2803 719 2856 per
739 2785 803 2836 illud
822 2789 864 2853 jus
882 2787 968 2856 ipsum
983 2786 1022 2840 in·
1071 2807 1087 2839 e
1103 2805 1155 2857 qno
1173 2797 1245 2842 extra
1264 2785 1426 2857 praedictam
1446 2787 1623 2840 necessitatem
1644 2787 1754 2841 dcbebrt
1777 2787 1892 2857 absolsi,

197 2874 387 2946 telligendom,
405 2874 446 2940 jus
463 2869 622 2932 sententiae,
641 2868 713 2940 quud
733 2870 791 2922 scit.
809 2869 865 2938 ipse
893 2869 968 2924 babet
987 2887 1021 2923 ex
1073 2870 1221 2922 exbibete-rit
1234 2869 1413 2936 auauutuudi,
1426 2888 1479 2940 quo
1496 2870 1672 2940 poeniteutiae
1690 2889 1783 2942 genere
1800 2893 1892 2945 pecce-

195 2960 228 3013 ri„
241 2959 260 3009 l.
279 2957 305 3008 i.
321 2957 400 3010 Enim
422 2970 479 3006 πονο
494 2953 618 3022 quuutam
655 2953 683 3004 in
710 2950 928 3020 praecedentibus
951 2951 1022 3003 soria
1074 2951 1214 3022 tumquod
1233 2949 1528 3006 excommunicationem
1548 2967 1691 3021 meruerat,
1711 2955 1894 3026 expiandum,

195 3042 315 3111 exempta
335 3040 417 3109 ipsios
436 3040 504 3106 juris
522 3034 584 3088 facti
602 3035 727 3108 oppositi
741 3031 810 3088 facto
824 3035 889 3103 iuris
902 3036 1020 3088 ministri
1074 3037 1132 3105 ipso
1143 3038 1200 3103 jure
1213 3037 1240 3091 iu
1257 3038 1395 3106 pristinam
1410 3038 1566 3092 senitentiam
1579 3040 1628 3092 be.
1639 3041 1893 3097 excommunicatio-

195 3125 320 3199 judiciati
339 3139 463 3176 emensos
480 3137 552 3184 sttm,
570 3139 622 3174 nott
646 3136 706 3173 sero
725 3119 833 3172 effectus
853 3117 950 3190 ubique
970 3129 1020 3172 tra·
1074 3135 1133 3170 uem
1155 3120 1271 3174 recidere
1285 3121 1454 3188 dicitureop.
1468 3121 1512 3172 22.
1527 3121 1684 3176 decertent.
1703 3129 1897 3181 excommuni-

195 3209 282 3264 ctetio
300 3208 438 3275 adiuncta,
456 3203 602 3258 necessaria
632 3203 735 3258 tandem
761 3203 813 3272 juri
833 3203 906 3256 cirili
927 3204 1020 3257 ratedi-
1073 3205 1234 3260 cur.iutto.
1253 3207 1899 3280 tlocest,quodcomprobatexcontmuoicatie·

198 3295 297 3357 esurie,
315 3291 406 3344 eadent
424 3290 494 3351 erit‚·
512 3287 603 3359 patrois
621 3304 681 3342 sero
699 3288 785 3341 serbis
810 3287 929 3341 eamdem
953 3304 1021 3342 ccm-
1073 3307 1151 3354 tuero,
1165 3290 1696 3358 illegitimaistaabsulutione,suldataut
1712 3292 1799 3349 fuisse
1820 3297 1900 3353 Alias

197 3375 380 3452 prehendam,
398 3391 507 3444 nempe,
524 3373 708 3444 quodcumque
725 3371 831 3426 demum
842 3381 1020 3438 postsenten·
1071 3373 1142 3426 caim
1162 3376 1294 3428 sententia
1311 3392 1377 3445 opus
1397 3393 1450 3428 nott
1464 3373 1573 3442 fnisset,
1590 3377 1677 3431 eidem
1700 3378 1797 3434 iterum
1816 3381 1895 3436 dem·

197 3464 268 3518 tiutn
286 3463 386 3524 oritur,
397 3460 466 3514 silem
477 3459 572 3512 statim
584 3457 722 3528 exsurgit,
734 3456 781 3511 uti
796 3455 1020 3528 ipsumjtesidem
1073 3459 1239 3524 cerellium,
1259 3459 1304 3529 qui
1324 3471 1534 3530 repraesentare
1553 3462 1667 3514 uoluerit
1679 3475 1800 3534 snperato
1820 3463 1894 3534 peri·

189 3548 315 3621 sereret,
336 3545 499 3618 peccatius
516 3543 652 3596 sententio
670 3543 800 3596 declarat.
1071 3542 1218 3607 calciati,
1237 3541 1270 3594 ed
1289 3557 1366 3610 qoem
1389 3542 1563 3611 pertinuisset
1587 3541 1708 3597 olfactum
1732 3546 1899 3600 atrsotreodi„

234 3635 256 3700 b
274 3633 347 3688 titt.
367 3633 504 3684 Postremo
521 3631 562 3696 jus
579 3627 734 3681 canonicum
761 3625 888 3696 qarosdrm
914 3627 1021 3697 praebet

200 3737 287 3780 meus,
306 3716 351 3769 ubi
369 3715 457 3786 ipsum
468 3713 518 3783 jus
537 3710 605 3764 facto
623 3710 734 3778 italicis,
753 3709 916 3773 sententiae,
936 3727 1019 3779 oppo-

204 3804 285 3857 nitur.
305 3803 408 3856 Primus
425 3808 465 3852 est
484 3797 512 3850 in
529 3811 588 3866 cop.
605 3793 692 3848 scient
716 3795 807 3846 cuncti
830 3793 873 3846 12.
893 3794 926 3846 rie
943 3794 1019 3848 elect.

202 3885 230 3940 ia
248 3887 274 3938 d.
293 3887 344 3940 Ubi
363 3878 645 3936 excommunicationis
663 3877 790 3931 sententia
808 3877 867 3944 t'pm
879 3874 959 3945 foetu
979 3877 1020 3930 in·

202 3971 293 4026 nodari
312 3971 452 4030 dicuntur,
469 3964 515 4036 qtti
529 3962 687 4030 gres-aretini
699 3961 812 4028 utiquam
823 3976 962 4031 personam
976 3977 1016 4012 ec·

200 4055 386 4116 ctesiastieana,
406 4053 446 4103 eet
465 4051 531 4102 tactus
548 4043 708 4110 eotttmdem,
728 4045 768 4095 sel
787 4045 842 4111 ejus
861 4041 1017 4111 consangni-

201 4159 273 4206 neos,
284 4137 353 4208 quod
367 4136 509 4188 secundom
525 4130 675 4184 eorumdem
689 4131 844 4199 petitionem
860 4131 919 4181 ittos
932 4130 963 4180 ad
975 4128 1017 4181 of·

201 4219 291 4277 ficium
310 4221 406 4288 eligere
423 4215 565 4291 noluerint.
585 4214 715 4266 Atrocitas
727 4214 817 4266 delicti
833 4229 934 4266 mansam
949 4213 1018 4282 rigu-

203 4307 227 4358 ri
246 4305 337 4367 dedit,
356 4303 400 4356 sed
420 4297 596 4360 moueudcmr
615 4297 693 4350 rerba
716 4299 775 4367 r'peo
791 4297 876 4368 ficto
901 4298 1016 4364 ejusdem

202 4383 407 4452 significationis
426 4401 498 4447 esse,
515 4400 547 4436 ec
563 4383 655 4445 rerba,
674 4385 735 4450 ipso
744 4384 825 4454 jure,
844 4381 879 4435 nti
895 4381 1017 4450 pltrribus

203 4468 380 4522 atet=terubitur
397 4473 418 4528 ς.
426 4463 486 4534 fin.
503 4465 584 4536 iupus
594 4476 655 4520 rect.
670 4466 744 4518 ttiait
759 4466 844 4533 itaque
856 4481 945 4518 canon.
958 4465 1017 4530 ipsu

196 4554 263 4627 jare
280 4550 408 4604 sententie
425 4547 703 4600 excommunicationis
722 4549 859 4612 innodari,
879 4549 1016 4617 perbibet-

200 4655 269 4710 qne,
284 4633 364 4688 simul
380 4649 410 4686 ac
425 4632 486 4703 quis
502 4630 601 4684 dicturo
621 4640 754 4700 peccatum
774 4635 953 4700 commiserit,
972 4656 1014 4691 ῃ.

201 4716 421 4776 communicatum
439 4731 504 4768 esse.
524 4713 654 4782 Quooiem
675 4730 734 4767 reru
751 4730 783 4767 es
802 4715 889 4768 multis
902 4719 1016 4774 textibus

202 4804 270 4858 tituli
288 4803 321 4853 de
337 4797 472 4852 sententio
490 4796 780 4852 excotnmtent'entt'uttt'a
795 4808 846 4850 tarn
866 4799 896 4850 in
920 4801 1014 4871 quintu

201 4890 269 4942 libro
288 4884 411 4940 decretal.
428 4899 504 4950 quam
520 4881 547 4932 io
564 4891 642 4934 sento
655 4880 855 4950 (praeciperes
868 4899 1015 4950 reposera

200 4973 233 5028 tte
251 4981 361 5026 sentent.
379 4965 604 5020 mornrrtunicnt.
621 4975 648 5016 et
663 4983 721 5034 cop.
736 4964 760 5016 l.
771 4963 798 5016 ia
811 4975 906 5034 sexto,
919 4969 1013 5032 eerht'a,

202 5067 233 5110 nt
248 5075 301 5126 qao
318 5069 402 5108 corut
417 5049 545 5104 sententia
559 5047 591 5101 de
604 5047 749 5100 substantia
767 5050 1012 5104 excommunicatio·

201 5141 246 5196 nia
263 5151 319 5202 est,
336 5136 456 5208 rmntifex
473 5130 686 5203 pmrisionaliter
703 5133 889 5200 pronunciarit
906 5146 1011 5188 senten·

201 5227 281 5289 tiam,
298 5239 364 5294 qnae
383 5230 440 5292 post
454 5218 581 5288 appellata
597 5215 732 5272 sententio
750 5220 882 5280 cottonis,
893 5227 920 5270 et
931 5236 955 5271 c,
970 5221 1012 5271 ts.

200 5315 236 5365 de
251 5316 363 5364 sentent.
381 5305 604 5360 ecmutaiuuiect.
622 5301 651 5353 t'n
669 5303 694 5354 n.
713 5304 859 5356 sententiae
877 5305 1012 5372 branimir,

199 5390 297 5462 judicis
315 5405 348 5442 sc
366 5384 638 5450 contraitistioguitur.
654 5383 756 5452 Quibus
770 5404 821 5438 non
832 5403 900 5456 opus
911 5385 1012 5451 fuisset,

1071 3624 1235 3676 Sententiam
1254 3643 1314 3678 cero
1332 3623 1416 3678 baisse
1438 3625 1638 3690 adhibendam,
1663 3638 1791 3683 testantur
1812 3631 1895 3686 verbs

1069 3708 1128 3774 ipso
1140 3709 1216 3779 jure,
1235 3719 1259 3762 et
1279 3707 1440 3778 principium
1462 3709 1524 3764 buic
1545 3710 1668 3763 materiae
1687 3709 1898 3780 fundamentales,

1069 3793 1381 3848 excommunicationem
1396 3810 1453 3846 non
1466 3793 1595 3864 incipere,
1608 3811 1690 3863 prtum
1703 3797 1837 3860 sententie
1848 3801 1890 3852 tn·

1068 3886 1111 3937 tor
1127 3875 1170 3928 bic
1187 3893 1248 3931 sero
1267 3877 1385 3947 incipere
1403 3876 1529 3942 deberet,
1547 3895 1605 3930 cum
1626 3879 1716 3932 serbis
1734 3883 1890 3934 ameceden·

1071 3959 1141 4012 tibus
1159 3959 1297 4013 munditer
1314 3962 1446 4028 recepturi
1461 3971 1488 4016 et
1504 3963 1689 4032 entissitcturi,
1712 3963 1830 4018 indicent
1851 3969 1900 4020 ef*-

1071 4043 1184 4109 foctum,
1201 4044 1391 4099 obsututionern
1410 4065 1507 4117 nempe
1525 4049 1656 4116 peperisse
1676 4045 1770 4100 facttum
1797 4048 1895 4116 itlius,

1069 4127 1111 4179 cni
1138 4126 1219 4179 adid
1247 4146 1299 4182 nnn
1325 4131 1489 4199 competebat
1513 4127 1643 4182 cilicium.
1662 4127 1721 4197 (l.)
1752 4131 1895 4203 Principes.

1069 4212 1108 4263 sel
1126 4211 1173 4263 alii
1191 4213 1327 4264 licentiam
1339 4213 1431 4265 datttes
1442 4211 1596 4274 occidendi,
1611 4213 1654 4264 rel·
1663 4213 1737 4266 mole
1749 4213 1888 4284 excipien-

1068 4297 1097 4349 dr·
1109 4315 1167 4360 eos,
1188 4296 1233 4367 qni
1253 4297 1411 4350 sententiam
1431 4297 1713 4350 ercuuruumieuttuuia
1737 4307 1826 4351 contra
1846 4299 1889 4370 ip.

1069 4399 1111 4432 eos
1127 4378 1249 4435 adferunt
1266 4389 1293 4433 ct
1310 4379 1460 4448 disrdgeat,
1479 4379 1532 4432 nisi
1551 4398 1581 4434 re
1599 4380 1717 4449 integra,
1738 4377 1757 4430 i.
1773 4397 1797 4432 e.
1810 4390 1886 4434 ante·

1067 4481 1145 4532 quam
1159 4465 1225 4532 ipsis
1240 4464 1364 4524 nocitum,
1381 4463 1554 4514 revocaverint
1571 4461 1720 4515 maculatum
1733 4478 1780 4515 sert
1791 4463 1892 4517 dutnne

1067 4547 1218 4613 licentium,
1237 4545 1518 4598 recommunicationis
1536 4545 1697 4598 sententiam
1716 4561 1748 4598 cn
1766 4545 1826 4615 ipso
1844 4549 1886 4600 in-

1068 4641 1195 4696 crrrrrmt,
1213 4649 1231 4681 a
1245 4647 1310 4698 qua,
1331 4628 1353 4681 si
1374 4645 1422 4697 per
1440 4627 1506 4678 darm
1524 4643 1625 4680 meotes
1645 4629 1888 4696 'perseuerauerint,

1068 4713 1172 4766 nonnisi
1199 4730 1245 4785 pet·
1269 4716 1362 4782 Papam
1390 4711 1486 4764 absolsi
1507 4718 1624 4780 pauserint.
1646 4727 1703 4776 cop.
1728 4709 1892 4780 quicumque»

1069 4799 1111 4848 tt.
1128 4796 1155 4848 ri·
1172 4796 1305 4849 mittentia
1322 4811 1493 4848 excommun.
1512 4795 1543 4842 in
1561 4793 1619 4843 dtu
1630 4792 1682 4862 Qui
1701 4807 1781 4842 cenrm
1800 4807 1833 4842 ao
1853 4793 1886 4846 tn,

1065 4882 1163 4934 Galliis
1182 4888 1314 4948 receptus,
1333 4894 1366 4931 ex
1386 4877 1504 4946 setptetrti
1524 4875 1633 4928 bistonio
1653 4875 1721 4927 ratio
1732 4872 1882 4928 dubitandi.

1067 4967 1142 5017 dono
1155 4963 1233 5015 tttts.
1249 4961 1407 5014 [teuedictua
1427 4959 1499 5011 xttt.
1518 4957 1634 5011 offensus
1647 4957 1751 5011 comto
1770 4959 1815 5012 Vt.
1834 4957 1882 5010 ed·

1064 5049 1177 5101 uersanti
1195 5045 1377 5098 exactionibus
1401 5043 1536 5115 papalibus
1556 5043 1654 5093 cierunt
1675 5039 1809 5110 regniaci
1835 5059 1887 5097 se·

1064 5130 1194 5195 xantilats,
1208 5146 1294 5196 regem
1307 5145 1477 5200 pmceresqne
1493 5125 1762 5180 excommunicatione
1775 5141 1885 5194 percure-

1063 5221 1104 5274 sit.
1126 5217 1307 5269 ballecentibus
1325 5234 1386 5268 aero
1406 5215 1501 5265 bullam
1514 5213 1647 5281 ablegatis,
1662 5211 1820 5265 universitas
1830 5213 1880 5263 Pa·

1064 5301 1188 5356 risiornm
1208 5299 1364 5352 laceratione
1381 5297 1533 5350 abolendam
1552 5298 1669 5348 eamdem
1689 5295 1804 5358 censuit,
1827 5297 1877 5348 Pa.

1064 5402 1174 5456 pemque
1191 5381 1364 5434 Benettietum
1383 5379 1488 5448 (serbis
1506 5381 1651 5432 sentcntiae
1669 5379 1784 5431 humano
1811 5379 1878 5448 ipsi·

199 5475 248 5530 ted
262 5474 319 5538 ipso
328 5473 411 5541 sacto
428 5467 677 5524 emenamunicutus
696 5478 750 5531 est,
764 5468 863 5524 dixisse
875 5472 938 5524 eatis
949 5470 1009 5524 fuis·
1061 5486 1112 5540 que
1129 5467 1249 5536 augenti
1269 5465 1378 5517 nomine
1390 5463 1468 5516 Petri
1486 5465 1520 5516 de
1533 5465 1614 5516 laena
1625 5463 1802 5533 appellatum)
1816 5463 1882 5516 ttae·

200 5567 255 5622 sete
274 5571 362 5610 rerum
381 5552 503 5606 inductus
521 5551 645 5606 Pontifex
666 5551 793 5621 opinione
819 5567 942 5624 regnante
967 5573 1014 5624 per
1063 5553 1172 5605 retinam
1190 5561 1217 5602 et
1236 5547 1306 5618 pacis
1323 5533 1530 5617 perturb-dorem
1544 5547 1733 5598 «tertaraorlum.
1749 5547 1871 5599 Primum

199 5659 290 5696 emeres
308 5640 352 5694 dd.
366 5638 432 5710 juris
442 5637 492 5698 eir.
505 5652 615 5712 poenam
633 5653 685 5690 uon
696 5636 863 5714 instruamini
874 5637 1009 5694 tentettno

1062 5637 1138 5708 pacto
1156 5646 1213 5708 post
1222 5635 1306 5690 sensit
1316 5631 1508 5688 executionem:
1523 5633 1644 5690 ballistae
1657 5651 1717 5690 sero
1731 5631 1821 5686 induti
1833 5641 1874 5706 use
1973 5660 2041 5688 ιι
