4430 6232
102 5744 201 5778 ..e

400 291 453 349 ers
876 279 1064 337 1118317111.
1082 281 1142 336 Xil.
1159 277 1298 338 nctttttt.
1319 279 1339 332 1.
1359 279 1454 336 811111.
1474 279 1507 334 ib
1927 279 1993 334 'tte-

350 392 401 461 jam
414 383 518 461 pridem
533 381 662 438 monitum
676 377 698 456 5
715 381 737 434 1.
751 377 830 452 didas
841 389 901 431 rect.
914 377 939 430 1.
952 373 1069 448 dependi
1082 377 1109 428 io
1125 379 1150 432 ie
1219 375 1414 448 conspiciatur,
1432 387 1459 432 et
1479 391 1525 446 per
1542 387 1719 446 mquam,
1738 383 1841 446 me.
1852 373 1943 430 mim„
1955 377 2038 430 me,

348 462 936 546 geiniemiamstntuente,estrnrerpaisitnm
952 459 1161 516 sententiaescil.
1218 471 1289 526 rato,
1307 475 1333 516 et
1352 464 1510 532 pronomine
1533 462 1581 516 isto
1606 465 1780 518 cotemniente
1807 464 1867 529 illi,
1891 464 1936 534 qni
1960 475 2036 518 eran

350 561 391 628 jus
403 555 524 610 sanciens
543 549 681 604 ininminru
701 559 725 601 et
745 545 833 598 cedern
849 545 933 616 ipsunt
948 545 1045 614 absque
1057 555 1160 598 sentcn-
1218 564 1325 616 operette
1345 546 1453 600 citerius
1472 545 1536 616 qnid
1557 546 1664 624 molitus
1682 547 1807 610 dicetsdi,
1826 547 1896 616 aptiori
1915 550 1957 614 jus
1974 545 2039 602 lacit

349 643 386 697 tie
406 637 564 712 perficiens)
583 632 801 710 praecedentibus
829 631 900 684 enim
926 629 990 682 satis
1010 630 1162 700 probatum,
1219 629 1263 680 uhi
1282 629 1372 682 delicti
1392 629 1628 699 estrejndirialiter
1644 626 1779 684 cortilio-ati
1799 629 1936 684 irrisoriam
1962 643 2036 685 221„

351 724 505 782 sententiam
526 739 579 774 nou
598 736 655 773 csse
674 719 819 772 essentiale.
845 715 914 786 Ergo
932 717 1038 782 noejus
1056 729 1161 786 proesu-
1218 713 1314 781 jrnlicie
1332 715 1486 768 sententiam
1505 715 1625 779 orditur,
1646 715 1704 784 ipso
1722 716 1780 782 jure
1799 715 1854 767 diei
1881 726 1968 784 posset
1991 717 2034 768 in·

351 809 475 864 ruendum
494 822 599 878 opernm
618 802 709 856 ludere
726 801 845 854 soluisse.
1220 795 1325 850 iunium
1343 797 1416 852 oriri.
1435 799 1515 852 Erant
1531 799 1601 854 enirn
1617 799 1655 852 illi
1666 838 1674 862 ,
1687 799 1732 869 qni
1746 817 1839 870 operae
1851 799 2036 870 depugnandie

388 889 500 944 lninmia
520 889 606 957 itaque
624 881 656 936 ht
675 882 733 954 ipse
750 885 823 951 jure,
843 875 891 930 ubi
910 875 1089 931 manifestatos
1107 876 1162 929 eni·
1221 880 1314 934 hestiis
1334 881 1464 942 locabant,
1484 881 1547 935 tales
1564 881 1610 952 qui
1631 883 1714 951 poiseo
1733 897 1788 934 sese
1806 894 1877 936 certo
1888 883 1968 936 elicui
1979 900 2035 935 ma·

353 992 412 1029 rous
430 977 583 1036 sceleratus;
602 965 774 1020 caeterumsi
795 962 949 1016 iortealicui
961 961 1091 1032 praedicta
1104 959 1163 1030 opi·
1220 965 1304 1034 ptum
1320 965 1491 1031 ..tuentum
1509 973 1614 1038 mv„
1630 965 1736 1036 puppo,
1761 963 1842 1036 (ΙΨ.
1865 966 1977 1020 „mi
1997 969 2038 1035 ju,

353 1062 400 1112 nio
418 1057 555 1129 displicet,
571 1063 595 1107 et
612 1050 774 1104 reuerentior
791 1058 830 1102 est
847 1047 988 1100 sententiae
1007 1045 1165 1110 comrnunis,
1221 1062 1339 1104 reuscesto
1355 1051 1572 1120 auspicabantur,
1590 1069 1642 1121 qaeu
1661 1049 1869 1122 promittebant,
1882 1055 1950 1119 tgna,
1964 1048 2038 1105 tem

351 1144 438 1198 libitis
452 1141 568 1210 ejusdem
582 1132 745 1208 gretihcsmii
758 1150 859 1204 eppone
873 1133 917 1184 hic
928 1129 1075 1196 iniemiern,
1088 1147 1166 1200 quens
1221 1145 1243 1186 et
1263 1133 1354 1204 nupti,
1367 1135 1400 1188 ,a
1413 1132 1520 1189 [opum
1530 1133 1714 1206 „pamm
1727 1149 1841 1204 mmm
1857 1135 1952 1189 'baffi
1965 1136 2039 1206 ὣς(

354 1227 397 1280 dd.
415 1225 472 1296 ipse
483 1224 549 1299 jure
567 1221 656 1290 infligi
674 1219 826 1290 opinentur.
845 1215 885 1286 (1)
905 1216 956 1286 Qui
976 1213 1167 1268 ertislodicrae
1222 1237 1250 1274 η
1268 1237 1401 1293 popum,
1420 1221 1477 1274 tm
1495 1220 1599 1292 puppo„
1624 1217 1683 1272 sm
1707 1219 1904 1289 „Pomm”
1921 1239 1936 1272 ⁸
1956 1223 2039 1292 mli,

354 1327 429 1365 cnnsa
448 1311 476 1362 in
496 1323 598 1362 menam
618 1303 731 1377 prodiit,
749 1311 886 1372 qrteestum
907 1300 970 1352 inde
988 1297 1110 1353 lecturus.
1129 1298 1167 1368 (2)
1222 1305 1372 1368 elutriatis,
1389 1321 1442 1374 qno
1459 1303 1613 1357 electionem
1630 1303 2042 1376 preeberentoondueturisupe·

350 1393 403 1464 Qui
421 1391 583 1447 lenocinium
602 1387 676 1442 iecit.
704 1385 749 1456 (³)
767 1383 819 1455 Qui
838 1399 895 1437 cern
912 1399 977 1452 quae
995 1381 1022 1432 in
1042 1390 1168 1454 potestate
1223 1407 1276 1442 rem
1295 1385 1445 1440 corumdem
1464 1387 1496 1440 ad
1514 1396 1646 1442 certemen
1672 1389 1712 1444 rei
1736 1388 1764 1442 in
1790 1388 1892 1442 theatro
1917 1390 1959 1443 aet
1976 1405 2041 1444 ont.

353 1488 538 1547 estentequnm
558 1473 643 1528 virum
663 1473 794 1540 cingeret,
809 1483 886 1538 quern
901 1475 1032 1519 mortuom
1049 1483 1105 1520 esse
1118 1468 1169 1520 eci.
1223 1486 1312 1540 ...μω
1331 1469 1528 1535 „ttppmpm'
1548 1472 1582 1524 p,
1604 1471 1702 1542 quib„
1726 1473 1808 1526 mu·
1826 1473 1871 1526 hic
1888 1475 2043 1546 „mdiu”

354 1565 406 1628 uit,
428 1561 522 1633 nuptui
543 1559 687 1615 collocarit.
706 1555 747 1626 (1)
766 1555 819 1625 Qui
838 1553 928 1606 eetlem
954 1551 1040 1604 sciens
1057 1567 1104 1604 sno
1123 1570 1167 1604 no·
1224 1553 1349 1608 indecens
1368 1563 1447 1624 puto,
1465 1555 1588 1621 ‹pusasiem
1607 1555 1698 1609 eadem
1718 1559 1747 1610 in
1764 1557 1886 1612 eructibus
1905 1559 2038 1614 librieoo.

354 1647 442 1714 ruine,
464 1665 514 1700 non
533 1649 607 1714 jussu
626 1647 682 1710 eius
701 1641 729 1694 in
747 1641 820 1709 cujus
839 1646 966 1708 potestate
991 1651 1098 1688 osorem
1118 1637 1167 1692 du.
1224 1647 1346 1702 cnrrunt,
1367 1653 1429 1708 pree
1447 1637 1555 1692 caeteris
1575 1649 1660 1693 tamen
1681 1641 1779 1710 plecuit
1804 1641 1888 1712 Lipsii
1915 1645 1984 1698 liber
2007 1648 2043 1701 ato

353 1731 402 1786 eit.
420 1728 462 1802 (11)
481 1729 535 1800 Qui
553 1727 670 1782 eamdem
690 1725 723 1778 ab
741 1743 781 1789 eo,
794 1741 872 1793 quem
887 1723 914 1772 in
929 1729 1056 1792 potestate
1068 1721 1168 1786 hebuit,
1221 1723 1419 1791 gladiotorllur
1443 1733 1469 1776 et
1486 1722 1519 1776 de
1534 1723 1750 1790 aruphitlreotroe
1768 1741 1802 1778 ee
1819 1741 1870 1795 quo
1888 1729 1953 1782 setis
1974 1751 2043 1787 oon.

354 1815 413 1870 duci
433 1829 533 1886 passus.
553 1813 594 1864 De
612 1812 654 1862 his
672 1824 715 1862 sex
735 1806 820 1862 censis
846 1803 934 1860 rerbia
958 1804 1037 1858 edicti
1056 1803 1074 1854 1.
1095 1801 1169 1872 1.Ι.
1224 1806 1304 1859 stabit
1321 1805 1492 1876 gladiatorum
1510 1807 1702 1878 proiessioncm
1721 1811 1854 1881 publicam
1875 1810 1972 1880 initae,
1992 1835 2045 1873 Μ,

355 1904 388 1959 de
406 1902 449 1958 itis
467 1901 515 1974 qui
531 1909 664 1954 notentur
680 1895 806 1966 infirmio-
821 1891 862 1961 agi
876 1889 1052 1944 cummuniter
1063 1889 1171 1944 eredunt
1223 1907 1378 1962 quemquam
1391 1887 2044 1970 eedeminficiatumeideanetisrndeillispm.
2145 1951 2155 1966 ,

353 1991 398 2043 dd.
418 1987 459 2060 (3)
478 1987 531 2057 Qui
549 2003 599 2038 suo
616 1982 724 2040 nomine
742 1997 795 2034 non
812 1981 884 2048 jussu
902 1979 958 2046 ejus
970 1977 998 2027 iu
1012 1977 1086 2044 cuius
1099 1985 1170 2045 pote·
1225 1995 1298 2032 suarm
1314 1977 1360 2049 qui
1380 1977 1407 2030 in
1426 1993 1503 2030 mena
1521 1975 1621 2032 ludicra
1639 1979 1767 2049 egebante
1786 1980 1883 2034 steine
1893 1979 1975 2036 dubio
1987 2003 2046 2038 mu·

354 2079 431 2134 etate,
451 2072 536 2138 ejusne
555 2066 666 2120 nornine
684 2079 763 2133 quern
782 2076 891 2132 quaanre
910 2061 939 2112 in
953 2069 1078 2130 potestate
1091 2059 1171 2111 haite-
1225 2063 1303 2118 lieres
1319 2080 1421 2134 qnoque
1439 2061 1579 2116 libidinem
1601 2064 1704 2132 publice
1724 2062 1872 2134 professore
1890 2083 1951 2120 nem
1967 2068 2046 2121 silae-

355 2165 409 2218 ret,
426 2154 489 2208 bina
507 2150 638 2224 sponselie
656 2158 701 2202 eut
726 2147 833 2217 nuptias
856 2143 947 2198 eodem
968 2155 1089 2214 tempore
1107 2157 1170 2195 cou-
1223 2147 1329 2219 pennria
1347 2149 1405 2216 jure
1421 2163 1529 2200 romano
1541 2147 1644 2218 publica
1657 2145 1780 2212 iucrurel,
1794 2149 1849 2201 imo
1860 2169 1875 2202 a
1887 2151 1989 2218 mogoin
2004 2151 2046 2201 ei.

355 2233 635 2303 etituleshebnit.('1)
654 2233 707 2303 Qui
726 2229 867 2284 muliehrin
892 2246 1002 2299 pressus,
1020 2227 1038 2282 i.
1059 2231 1084 2281 1.
1103 2233 1127 2291 ς.
1143 2227 1168 2282 d.
1225 2232 1264 2286 ris
1282 2232 1311 2288 ln
1329 2235 1384 2289 suis
1410 2233 1528 2302 preediis
1553 2231 1659 2298 habite,
1686 2247 1708 2288 et
1734 2235 1816 2288 loona
1844 2235 2046 2290 conductoribus

344 2317 386 2390 ff·
405 2321 438 2375 de
453 2331 554 2392 portur.
572 2317 615 2389 (3)
634 2319 688 2389 Qui
705 2333 797 2387 operes
815 2313 998 2386 depugnendis
1017 2313 1111 2368 hestiis
1129 2315 1168 2366 io·
1225 2319 1386 2374 lenocinium
1404 2319 1561 2374 exerciteris
1579 2318 1598 2372 1.
1617 2317 1711 2388 unffi
1728 2319 1761 2372 de
1784 2320 1859 2390 petit.
1877 2319 1949 2374 isaer.
1969 2322 2046 2376 licite

354 2407 428 2461 cavit.
447 2407 490 2478 (3)
508 2409 581 2478 Quae
599 2405 684 2476 pelam
708 2417 818 2472 corpore
842 2409 976 2470 quaestum
1001 2397 1172 2454 11111133.
1228 2401 1289 2456 inde
1312 2407 1477 2474 eortjectnra,
1494 2415 1564 2458 certo
1581 2404 1702 2472 cognosci
1720 2405 1835 2474 potuisse
1860 2405 1919 2458 telis
1941 2403 2046 2460 farinae

353 2509 398 2562 pr.
410 2487 435 2562 5.
451 2509 515 2563 pen.
529 2499 555 2544 et
572 2489 621 2542 uit.
638 2489 672 2542 de
689 2489 733 2540 ra't.
750 2495 825 2554 recept.
839 2485 900 2554 (10)
919 2485 993 2553 Ques
1005 2483 1033 2536 in
1045 2482 1173 2538 adulterio
1228 2487 1360 2542 mulieres.
1384 2487 1520 2542 Caeterum
1539 2487 1563 2542 si
1586 2488 1719 2558 quispim
1744 2485 1916 2556 gladiatorum
1940 2488 2047 2546 duxerit

355 2571 526 2644 deprehensa.
544 2575 601 2644 (ll)
619 2571 673 2642 Qui
700 2585 794 2624 tencre
820 2579 985 2640 praepostere
1010 2583 1038 2622 se
1063 2568 1171 2639 polluit,
1227 2589 1279 2626 noo
1298 2571 1403 2642 pretio,
1421 2571 1467 2626 sed
1485 2571 1592 2626 uirtutis
1609 2586 1684 2624 caum
1703 2587 1735 2622 es
1753 2589 1899 2643 ouansque
1913 2574 2045 2632 theatrum

355 2655 374 2709 1.
394 2661 437 2712 31.
456 2677 479 2714 c.
498 2659 530 2712 de
546 2657 630 2712 adult.
646 2655 717 2727 (12).
736 2657 810 2727 Quae
827 2655 918 2708 foenus
936 2654 1087 2726 improbum
1099 2671 1173 2708 exer·
1227 2677 1310 2730 oeque
1327 2659 1414 2714 circus
1431 2675 1515 2728 neque
1532 2656 1667 2712 orchestra
1687 2659 1823 2728 polluunt,
1841 2677 1973 2730 pugnare,
1993 2679 2046 2716 noo

354 2741 411 2797 cuit
426 2743 445 2794 1.
464 2745 508 2796 23.
526 2749 548 2806 ς.
568 2745 593 2794 1.
612 2760 635 2795 e.
648 2739 779 2795 denruru's
793 2739 850 2808 (13)
865 2741 917 2810 Qui
936 2741 1096 2808 tnajnrenuis
1108 2757 1172 2794 con·
1227 2745 1306 2798 citius
1325 2747 1410 2816 ipsum
1427 2756 1489 2818 peto
1506 2743 1632 2798 irrinmern
1656 2743 1782 2807 sunteas,
1806 2761 1884 2813 quaro
1906 2746 1951 2798 ubi
1971 2747 2043 2814 judi·

357 2839 400 2882 tra
417 2828 566 2898 pactionem
585 2827 753 2896 jurejurando
771 2819 903 2879 firmatam
935 2840 1011 2895 egere
1029 2833 1135 2878 conatus
1154 2823 1173 2876 1.
1226 2829 1327 2884 ritaliter
1345 2829 1378 2882 de
1395 2829 1482 2899 pretio
1500 2837 1606 2898 eccepto
1624 2827 1765 2880 convictus.
1778 2825 1846 2880 Nam
1858 2841 1976 2883 cessante
1989 2849 2043 2882 ena·

358 2911 401 2964 11.
419 2928 443 2964 c·
461 2909 494 2964 eie
512 2920 645 2964 tronsncl.
664 2907 724 2980 (11)
743 2909 896 2964 linereticns
908 2910 928 2962 1.
952 2907 978 2960 1.
995 2925 1017 2960 c·
1034 2907 1059 2961 ri.
1078 2923 1113 2960 rr.
1128 2925 1171 2962 ec·
1227 2911 1393 2966 niicstetione
1412 2911 1516 2978 delicti,
1536 2929 1589 2964 non
1615 2909 1696 2964 citior
1714 2910 1841 2966 inlumiee
1858 2912 1947 2983 oripo,
1966 2935 2046 2986 quem

356 2995 450 3051 etesiis.
469 2997 604 3048 Hactenus
619 3011 654 3048 es
672 2993 782 3048 Doueii.
800 2991 845 3046 tis.
867 2993 907 3044 ts.
928 3009 988 3058 cop.
1002 2991 1027 3044 ’1.
1041 2989 1173 3060 Adiungit
1225 2995 1315 3064 judice
1332 2995 1457 3050 delictum
1476 3005 1655 3059 essse-erante,
1674 2991 1725 3048 duo
1749 2997 1822 3048 enirn
1848 2996 1973 3052 iniamiae
1991 3001 2048 3070 pri·

357 3081 400 3134 his
420 3079 565 3148 ililligcrus
582 3080 639 3150 (13)
657 3081 777 3134 iudaeos.
795 3079 814 3132 1.
832 3077 880 3130 ult.
899 3093 920 3132 e.
940 3071 1174 3142 11111111111111111·
1228 3079 1341 3144 mordis,
1362 3079 1546 3150 manifestatio
1566 3078 1674 3142 delicti,
1694 3087 1721 3131 ct
1737 3081 1881 3132 sententia.
1892 3079 1965 3135 idem
1981 3093 2046 3154 puto

363 3167 388 3217 1.
409 3163 467 3218 ced.
481 3165 542 3237 (16)
561 3163 802 3238 blasphematores,
821 3159 890 3232 quod
909 3172 1087 3232 argnaoeutnm
1106 3157 1160 3214 deli
1229 3161 1256 3214 in
1274 3181 1319 3227 eo,
1339 3161 1384 3233 qui
1404 3171 1477 3216 estre
1495 3171 1629 3231 quaestum
1649 3161 1676 3212 in
1703 3175 1804 3214 secuero
1831 3162 1930 3230 ingenii
1957 3175 2048 3217 osteu-

362 3259 464 3303 ctorune
484 3251 573 3302 minus
591 3249 739 3303 enormium
761 3261 786 3303 ct
804 3249 902 3319 pariter
923 3247 1060 3300 iniuuaiem
1084 3249 1176 3318 probat
1229 3247 1300 3300 tundi
1318 3245 1400 3316 gretie
1419 3259 1623 3314 seoornparere,
1637 3243 1748 3312 adlegatu
1761 3253 1787 3299 et
1801 3245 1829 3300 in
1842 3247 1965 3311 muliere,
1980 3267 2050 3318 qnae

359 3331 498 3388 Frederus
515 3336 550 3387 de
566 3329 663 3402 infirm.
681 3351 740 3407 cop.
760 3335 802 3388 111.
822 3354 849 3386 n.
868 3335 894 3385 c.
912 3333 977 3406 (11)
1001 3333 1112 3387 &curio
1129 3333 1177 3404 qui
1229 3329 1371 3384 libidinem
1391 3329 1585 3399 imputantibus
1601 3328 1768 3382 contradicit.
1787 3329 1861 3398 Quae
1880 3337 1966 3384 teroeu
1985 3331 2048 3382 teui-

358 3420 568 3492 procuretionem
587 3419 713 3491 suscepit,
736 3421 774 3474 rel
794 3419 960 3472 intercedens
984 3437 1033 3490 pro
1053 3433 1097 3471 reo
1116 3435 1176 3488 per·
1230 3429 1303 3469 rsrse
1323 3413 1457 3482 intelligas
1475 3409 1508 3465 de
1526 3429 1603 3476 caso,
1622 3411 1668 3464 uhi
1688 3412 1790 3483 illequi
1804 3413 1982 3483 suspicionem
1996 3413 2045 3469 de·

361 3505 505 3562 duellionis
521 3509 538 3560 t
559 3505 601 3560 31.
621 3524 643 3559 c.
660 3507 687 3560 d.
703 3503 793 3560 mour.
811 3514 837 3558 ct
856 3505 877 3556 l.
896 3504 921 3556 3.
934 3505 957 3570 §.
977 3506 1001 3556 2.
1013 3523 1035 3557 c.
1048 3503 1087 3556 nd
1096 3506 1115 3559 1.
1121 3505 1178 3579 jeai.
1230 3501 1287 3556 lieti
1307 3499 1390 3562 eleriit,
1404 3497 1598 3570 inspectoribus
1610 3515 1696 3550 corum
1711 3497 1807 3550 iisdem
1819 3500 1885 3551 etin
1900 3499 2050 3567 proesentis

361 3595 492 3664 molestus.
518 3594 579 3665 (18)
598 3589 750 3646 incestuosi.
774 3608 835 3644 een.
863 3593 1127 3660 consanguineorum
1153 3589 1179 3643 1.
1232 3582 1436 3654 interpellatoris
1455 3590 1615 3652 protestatus
1642 3579 1732 3634 luerit.
1762 3583 1842 3636 secus
1867 3581 1890 3634 ei
1910 3582 2047 3653 inspectus

361 3691 434 3730 eous.
454 3678 478 3730 3.
497 3687 598 3747 quaese.
618 3675 641 3728 1.
659 3671 721 3746 (te)
740 3675 792 3744 Qui
811 3673 972 3726 scholaribus
990 3674 1115 3740 iujuriam
1135 3673 1178 3726 io·
1232 3667 1266 3720 sit
1286 3677 1357 3720 setus
1376 3665 1470 3719 dehine
1495 3663 1636 3718 honestatis
1654 3665 1751 3735 absque
1774 3665 1986 3737 interpellatione
2003 3679 2052 3724 eus

361 3763 423 3816 fert.
442 3763 528 3818 Apule,
547 3763 641 3818 papien
659 3780 683 3815 ο.
697 3759 815 3831 nefitim
823 3777 873 3828 pro
883 3769 935 3824 poe
949 3757 1007 3830 (20)
1020 3758 1180 3828 stupplioune
1232 3754 1416 3820 protestatione
1429 3759 1578 3819 spontsnce.
1599 3747 1628 3801 Si
1646 3748 1720 3800 euim
1740 3748 1774 3800 eb
1792 3767 1843 3802 uno
1860 3769 1875 3802 a
1892 3754 2049 3821 spectatori·

362 3859 453 3900 contra
472 3847 645 3911 seutentiam,
660 3861 738 3914 quarn
760 3845 836 3898 licita
856 3841 1036 3912 perotomtione
1055 3859 1106 3893 non
1125 3857 1169 3893 sue
1232 3837 1280 3891 bue
1298 3835 1330 3890 ed
1343 3844 1427 3887 ectum
1441 3833 1544 3887 retituru
1558 3831 1691 3884 adhibitus
1700 3869 1708 3896 ,
1722 3833 1782 3884 licet
1799 3843 1855 3902 post
1867 3844 1954 3887 sctum
1966 3835 2051 3890 iatum

363 3931 461 4002 pensu
485 3932 504 3984 t.
528 3933 577 3985 uu.
594 3949 617 3984 ο.
636 3939 665 3984 n
681 3929 729 3984 tea
744 3927 824 4000 pens
843 3929 904 3999 (ur)
925 3927 1085 3998 nocturno
1106 3927 1181 3995 patu·
1233 3915 1505 3991 praemunierit,
1529 3912 1673 3968 ‹tnunodo
1698 3917 1864 3985 pneumon
1887 3915 2053 3985 111111111111

363 4015 433 4084 cipis
450 4015 571 4068 casillose
591 4015 782 4086 interpretans,
802 4013 819 4065 1.
838 4013 864 4063 2.
889 4029 911 4064 e·
937 4009 969 4064 rie
993 4009 1103 4077 leprosa.
1122 4008 1180 4080 (12)
1233 4005 1379 4068 coneiettss,
1401 4001 1484 4054 enimi
1505 4010 1593 4054 tamen
1612 3999 1728 4054 sectanti
1746 3999 1854 4053 effeetus
1871 4003 1925 4056 erit
1945 4021 1960 4054 e
1978 4012 2047 4058 letn-

364 4097 483 4154 'l'abeilio
500 4103 545 4168 qui
564 4108 712 4154 contractus
737 4098 814 4150 retiti
839 4091 1007 4146 alienetionis
1032 4091 1118 4153 leudi,
1137 4104 1182 4145 eut
1234 4105 1298 4158 pore
1316 4085 1414 4140 delicti.
1435 4083 1574 4138 satutem
1593 4086 1692 4155 relique
1711 4101 1788 4153 supra
1811 4095 1932 4138 enarrata
1956 4087 2052 4143 delicta

365 4199 454 4238 rerum
473 4186 613 4251 ecclesius,
634 4187 806 4236 instrumenta
824 4178 909 4230 sciens
925 4174 1047 4226 coniecit.
1066 4173 1085 4222 1.
1104 4173 1145 4224 11.
1159 4181 1181 4236 §-
1234 4173 1269 4223 ita
1288 4171 1343 4240 geri
1364 4169 1478 4240 possint,
1499 4179 1528 4220 ut
1546 4168 1641 4220 seriem
1659 4166 1809 4219 eorarmdem
1827 4167 1948 4220 omniurn
1965 4173 2053 4224 emtis

367 4267 392 4320 3.
408 4285 431 4320 e.
443 4270 469 4320 d.
486 4285 524 4322 as,
540 4271 630 4323 eccles,
647 4267 710 4339 (23)
730 4267 780 4336 Qui
800 4263 922 4315 aduersus
940 4269 1023 4329 patres
1036 4266 1180 4311 armantur.
1234 4272 1286 4307 neu
1303 4255 1393 4307 stetim
1411 4252 1612 4321 exponendum,
1631 4267 1664 4302 cx
1684 4251 1732 4302 hoc
1750 4248 1940 4316 fundamento,
1952 4269 2052 4324 nempe

365 4367 388 4404 c.
406 4369 502 4406 eirenes
521 4355 564 4408 13.
582 4373 655 4410 enus.
676 4355 700 4406 3.
728 4361 831 4423 penest·
851 4349 876 4400 ii·
894 4344 955 4416 (21)
974 4345 1026 4415 Qui
1045 4341 1110 4396 ideo
1128 4344 1181 4396 albi
1233 4356 1265 4392 ex
1284 4337 1491 4392 manifestatione
1507 4333 1614 4397 delicti,
1634 4331 1744 4386 insuauia
1763 4335 1846 4404 ipsius
1864 4336 1932 4403 juris
1952 4337 2051 4391 iisdem

364 4435 474 4488 nomine
492 4439 673 4507 magistrorum
698 4443 835 4503 usurpent.
853 4432 870 4483 1
889 4427 939 4482 eni
955 4447 978 4482 e.
996 4429 1030 4482 de
1045 4424 1116 4480 strici.
1134 4427 1180 4481 tte.
1234 4419 1347 4493 impingi
1366 4439 1419 4476 nou
1439 4421 1544 4494 poterit.
1565 4417 1716 4473 Videndum
1736 4418 1840 4487 itaque.
1860 4435 1897 4471 en
1916 4417 1976 4472 ideo
1990 4421 2053 4489 a'pso

365 4520 425 4574 tari.
442 4523 555 4575 Romae.
582 4523 641 4592 (13)
660 4525 815 4576 Decoetanes
834 4523 894 4585 post
918 4511 1135 4584 proscriptionem
1154 4527 1181 4570 et
1224 4509 1289 4584 jure
1306 4507 1423 4581 infensio
1435 4504 1598 4573 diripereris
1609 4501 1732 4574 iustiore,
1745 4500 1870 4570 praedius
1883 4502 1970 4568 ι’ρεαηι
1980 4521 2052 4557 con·

365 4608 544 4662 seceditionern
564 4607 691 4660 &uerum
710 4603 758 4656 sub
776 4602 857 4653 husto.
883 4601 975 4653 Cicero
997 4614 1047 4668 pro
1072 4599 1176 4666 quincto.
1232 4595 1403 4649 demerueris
1419 4590 1618 4660 delinquentem
1638 4595 1773 4640 momente
1792 4586 1900 4642 delicti?
1925 4588 1956 4642 io
1981 4593 2056 4646 nulla

372 4695 554 4750 summanus
571 4695 600 4746 ι),
617 4692 729 4763 apolog.
746 4708 808 4758 cup.
829 4689 853 4740 3.
872 4685 923 4738 uid.
942 4683 1053 4739 Contine
1071 4685 1096 4734 2.
1123 4685 1181 4738 leet.
1233 4678 1426 4749 praedictarum
1443 4675 1531 4741 ispum
1551 4673 1578 4724 id
1596 4671 1708 4734 «licitum
1736 4670 1781 4723 ssd
1806 4689 1884 4740 quem
1903 4673 2049 4743 plurimum

366 4785 394 4835 a,
412 4783 511 4838 Verum
528 4778 653 4848 quonium
668 4777 696 4828 iu
713 4770 929 4846 praecedentibus
942 4785 987 4840 per
1000 4766 1106 4830 (13.9.
1120 4787 1182 4835 peu.
1233 4759 1346 4832 infirmis
1365 4771 1420 4825 cet,
1440 4767 1562 4820 notatur,
1585 4753 1702 4824 infirmis
1721 4755 1870 4810 nocebitur.
1890 4757 1929 4810 iic
1956 4760 2053 4829 quihus

358 4863 400 4935 ff.
412 4865 447 4920 de
460 4862 515 4916 ritu
528 4871 602 4930 nupt.
614 4870 640 4914 et
650 4859 666 4912 1.
688 4857 712 4912 1.
731 4855 755 4929 5.
763 4855 821 4926 fin.
840 4865 865 4908 et
885 4855 902 4906 1.
921 4869 975 4920 rep.
983 4847 1025 4920 Ι
1044 4851 1185 4920 deletaque
1236 4843 1473 4912 minimegcntium
1489 4839 1593 4910 probari
1609 4855 1685 4909 posse
1698 4851 1766 4908 puto,
1775 4838 1912 4894 iniseriam
1922 4843 2052 4898 tunicum

368 4960 424 5003 not.
442 4947 540 5016 infun.
558 4946 711 5016 probatum,
730 4941 867 4996 infamiam
886 4936 969 5002 oriri,
989 4956 1021 4991 ex
1040 4933 1182 4991 certificate
1235 4929 1359 4998 1111111111
1371 4930 1437 4994 111111·
1450 4923 1490 4976 1¹3¹
1504 4925 1560 4976 10·
1573 4923 1645 4976 ‘nint
1658 4929 1681 4986 i·
1693 4921 1763 4992 ioffi
1776 4923 1807 4976 111
1820 4923 1919 4994 11111111
1930 4939 1987 4981 1101-
1998 4929 2053 4997 t'nfi

368 5037 480 5102 delicto,
498 5044 542 5088 aut
560 5030 651 5086 eodem
670 5043 717 5100 per
739 5025 894 5078 seutentiam
919 5023 1015 5092 janiicis
1040 5022 1184 5089 deotmaro,
1237 5011 1301 5064 setis
1312 5020 1428 5071 constat,
1442 5027 1511 5078 opus
1522 5025 1579 5061 esse
1591 5008 1721 5061 serttemia
1735 5007 1766 5058 aad
1777 5007 1916 5062 ininmiaru
1929 5010 2054 5080 indigen·

369 5127 387 5180 ι,
400 5125 426 5177 11,
439 5143 460 5180 0,
472 5125 499 5178 a.
510 5119 575 5194 pud.
579 5117 641 5191 jud.
658 5121 799 5185 oporteret,
821 5119 850 5161 ut
870 5106 994 5180 prnesiicti
1008 5103 1052 5156 dd.
1067 5105 1185 5175 preirent,
1236 5093 1305 5158 dam,
1319 5093 1416 5147 delicto
1429 5091 1663 5162 estrejndicieliter
1676 5108 1727 5143 nun
1741 5090 1878 5162 patefacto.
1897 5091 1982 5149 Erunt
1999 5096 2053 5148 iee-

371 5212 400 5264 iu
419 5207 499 5262 dictis
517 5208 545 5258 11.
562 5203 604 5272 egi
621 5203 654 5254 de
671 5197 776 5252 delictis
801 5205 862 5248 oute
885 5193 1039 5254 senitentiam
1058 5187 1185 5244 certifica.
1235 5195 1286 5250 que
1299 5177 1431 5248 praedicte
1444 5178 1521 5230 serbe
1536 5193 1582 5247 per
1596 5176 1667 5229 dunc
1683 5176 1702 5226 t.
1721 5177 1747 5228 e.
1767 5177 1930 5243 explicanda.
1946 5178 1977 5231 iu
1999 5179 2053 5233 eoin

370 5296 418 5360 tis,
431 5301 475 5345 aut
487 5292 569 5358 legem
590 5289 674 5356 ipsum
685 5283 775 5336 statim
789 5279 974 5334 condemnasse
988 5273 1184 5344 ‹tettupanum
1237 5261 1382 5316 erethentica
1395 5259 1489 5314 dobeo
1502 5259 1632 5313 scholares
1645 5260 1743 5312 siolaus
1755 5260 1812 5330 ipso
1825 5263 1882 5326 iure
1891 5261 2055 5316 iut'aeoieon·

373 5386 506 5432 momento
523 5373 646 5426 erianinis
664 5365 808 5421 roaumissi.
832 5361 907 5432 Quod
929 5365 1046 5428 prinlum
1075 5359 1185 5419 attinet,
1239 5355 1307 5398 tetus
1321 5345 1425 5412 legitur,
1439 5361 1471 5394 an
1484 5358 1545 5395 sero
1556 5345 1597 5410 jus
1608 5343 1694 5410 ipsum
1708 5343 1745 5395 ibi
1759 5355 1893 5412 operatum
1910 5343 1991 5398 luerit
2006 5363 2054 5417 per

373 5460 472 5522 iateor,
488 5457 556 5527 qttod
576 5455 621 5525 qui
639 5453 704 5504 ertis
730 5449 844 5501 ludicres
860 5462 938 5497 cause
958 5444 985 5493 in
1005 5457 1107 5494 sceasnm
1128 5455 1184 5506 pro·
1237 5431 1404 5492 sententiam,
1419 5427 1450 5480 ad
1465 5426 1570 5480 modum
1585 5426 1692 5493 pulicis,
1702 5445 1735 5479 en
1745 5444 1804 5480 reru
1812 5427 1930 5496 simplici
1941 5446 1985 5481 sua
1998 5433 2054 5483 dis·

374 5545 428 5598 diit
444 5552 565 5612 quaestus
582 5539 679 5609 gratia,
698 5553 746 5588 nce
765 5549 815 5584 uon
833 5529 879 5599 qtri
897 5542 1007 5596 operere
1029 5525 1184 5592 depugnnn-
1237 5513 1495 5585 positione,‹iisqariri
1510 5511 1555 5563 ltie
1571 5521 1665 5580 posset.
1676 5509 1931 5579 nunccupantem
1945 5513 2054 5580 pomp,

375 5629 419 5683 dis
438 5625 532 5680 bestiis
549 5625 658 5684 locarit,
674 5618 710 5672 uti
725 5627 750 5668 et
760 5629 824 5682 quee
840 5612 924 5680 palm
936 5620 1044 5675 corpore
1054 5613 1185 5675 quaestum
1237 5603 1260 5656 si
1275 5601 1432 5662 discussum,
1440 5613 1502 5649 num
1514 5609 1546 5650 cx
1558 5595 1667 5666 eoquod
1680 5595 1723 5646 te
1733 5591 1755 5663 5
1760 5591 1800 5660 Ι.
1808 5594 1840 5647 de
1849 5595 1890 5647 dir
1898 5593 1945 5664 qui
1953 5603 2054 5646 noenu.

375 5713 455 5787 tacit,
475 5727 527 5766 ⁰0²¹
547 5705 628 5780 1111111
641 5702 766 5758 1111111111
781 5693 950 5760 uuottnu,
968 5689 1186 5764 uolumenum
1238 5697 1284 5744 nr
1295 5679 1566 5755 circumtectuas
1578 5681 1606 5734 u
1619 5676 1727 5735 tenuo
1738 5677 1846 5748 justene
1858 5676 1998 5750 ppetuu.
2014 5677 2055 5731 to
