4480 6196
299 263 360 318 w
744 260 794 316 DE
812 259 1017 320 etvtttrtut
1036 263 1209 322 tnottcttt
1230 265 1269 320 ttt
1287 265 1440 322 GENERE.
1841 277 1895 332 444

250 367 335 416 toturn
353 371 430 429 nepa
447 353 656 417 immolantium.
677 356 771 428 Qualis
788 359 857 414 iuter
875 358 940 414 alios
953 369 997 416 ast
1008 362 1064 416 Ja·
1119 359 1181 414 44444
1198 362 1227 414 ai
1238 361 1336 432 fidelia
1360 382 1390 418 n.
1416 366 1459 418 ³⁰.
1483 366 1511 422 d.
1534 377 1601 426 1222.
1624 373 1650 425 1,
1657 371 1742 443 swa,
1761 375 1785 430 4,
1812 377 1897 447 Qum
1917 391 1945 436 et

251 444 329 511 4444,
343 445 389 514 qui
409 461 462 497 nou
481 447 568 514 jussus
588 460 743 516 pneumate
758 444 850 500 cibum
864 446 952 515 patri,
971 447 1068 500 nibilo—
1120 449 1184 502 alios
1203 446 1281 502 turea
1297 450 1395 503 sitatos
1413 449 1465 504 rial.
1483 451 1513 506 in
1538 456 1582 512 de.
1611 457 1744 514 l'raesitlis
1770 472 1803 516 tr.
1826 464 1861 516 de
1876 467 1944 540 juro

251 535 341 588 minus
358 531 483 590 4444444444
496 541 684 602 praestantem
696 531 795 586 obtulit
811 533 909 598 444444,
926 533 959 584 44
976 551 1067 604 quent·
1120 547 1247 588 4444444444
1260 531 1327 602 stup.
1336 533 1362 585 ’4.
1381 551 1403 588 c.
1417 534 1447 588 ii.'
1457 535 1486 588 ln
1506 538 1703 596 circumstantis
1722 547 1858 617 temporis,
1879 551 1945 617 loci,

249 617 289 673 ris
308 628 401 674 nutum
421 615 622 687 paratissimas,
647 615 815 672 insertieutlo
834 617 916 685 patri,
934 616 1069 674 offerendo
1124 630 1307 684 personarum,
1329 615 1444 669 clericos
1472 629 1589 688 tempore
1615 633 1721 679 actuosa
1740 644 1888 695 sacrorum,
1906 634 1946 688 'in

253 700 375 765 calicem,
395 709 422 754 et
441 698 606 768 quibuslibet
622 698 761 752 blanditiis
779 699 954 767 4444444444,
978 717 1006 758 tat
1024 705 1067 758 be·
1122 698 1237 766 publicis
1255 709 1279 750 et
1297 698 1378 750 sooria
1396 689 1471 770 44444
1488 701 1613 771 uadibus,
1631 709 1734 774 osculo,
1746 689 1943 770 beueffiotiotiis

251 784 432 840 444444444444
450 781 530 836 444444
548 799 597 836 444
613 793 646 836 ax
663 781 815 836 intentione
827 785 912 854 patria
929 785 1068 840 44444444-
1122 797 1213 846 caasa,
1230 783 1310 834 etism
1330 779 1745 858 404444440444414404444411444.
1769 813 1784 846 ⁸
1810 813 1946 866 praesum·

250 868 311 924 ’44444
322 866 444 924 auferret.
469 867 625 924 Genea-ii.
643 865 829 922 4444434.
848 868 902 922 Soti
919 887 968 923 uec
996 871 1072 927 tlolus
1123 865 1218 933 Plione
1234 863 1357 920 libitinis
1371 866 1543 922 rixettuaati
1563 886 1639 940 posse
1656 873 1751 929 4444444
1768 875 1813 930 tle.
1836 879 1947 934 Roman.

251 949 575 1014 siaoobocoaamitsus,
593 967 643 1004 nec
661 951 739 1004 Esari
759 951 926 1016 insistam,
945 954 1008 1022 quia
1026 956 1072 1010 be·-
1123 947 1150 1002 d·
1167 950 1184 1002 4.
1203 946 1227 1020 5,
1245 948 1291 1001 27.
1307 957 1335 1002 et
1353 951 1397 1003 tin.
1417 952 1522 1006 Praeter
1539 955 1576 1006 cit
1599 956 1654 1012 444..
1674 958 1770 1028 quibus
1797 971 1887 1032 utpote
1918 973 1948 1018 et

251 1033 368 1098 netlintiu
386 1033 419 1088 atl
436 1033 564 1088 iacobum
581 1035 635 1102 jam
653 1034 941 1106 postholationem
956 1042 1070 1108 proauis·
1122 1034 1234 1104 ipsein
1259 1043 1362 1104 peccata
1386 1035 1576 1105 cogitationum
1607 1041 1713 1096 occasio
1745 1044 1834 1099 deesse
1859 1046 1946 1100 debet.

250 1116 336 1172 sionis
354 1119 460 1172 diuinae
479 1117 612 1172 Rebeccae
631 1119 713 1174 444444
727 1119 823 1176 Genea.
845 1121 889 1174 tt.
914 1139 938 1176 4.
962 1121 1070 1196 wa.)
1123 1119 1292 1189 Quapropter
1309 1119 1378 1174 iuter
1392 1121 1459 1174 ritus
1473 1121 1646 1178 uenerationis
1660 1125 1717 1179 setli
1736 1144 1860 1184 romanae
1872 1132 1950 1186 salti-

249 1205 315 1256 4444
331 1201 418 1273 4444444
434 1201 675 1272 primogeniturae,
698 1221 775 1273 quatu
806 1205 839 1258 ab
862 1205 946 1260 Esero
969 1217 1068 1260 4444444
1121 1202 1362 1274 44444444444444
1384 1208 1555 1260 ceremoniali
1573 1223 1682 1264 murano
1708 1223 1813 1267 cautum
1837 1227 1894 1283 est,
1922 1231 1950 1275 ut

250 1287 345 1340 eodem
358 1285 457 1354 capita·
479 1304 503 1340 4.
527 1289 572 1338 83.
591 1286 634 1340 at.
653 1287 810 1341 vindicarit
828 1287 911 1355 igitur
927 1289 979 1342 sibi
997 1287 1069 1360 qood
1121 1285 1284 1356 imraeratara
1301 1290 1360 1358 ipso
1385 1287 1422 1342 ad·
1442 1290 1562 1342 osculum
1586 1292 1700 1362 pedum,
1719 1311 1813 1348 manus
1838 1307 1866 1351 et
1890 1301 1947 1354 oris

252 1386 328 1425 sunm
345 1381 414 1435 erat.
433 1379 461 1424 44
478 1370 584 1424 isaacus
600 1371 734 1440 peccarit,
751 1371 797 1440 qui
816 1371 855 1424 rel
867 1370 1009 1426 immernor
1028 1373 1069 1424 tli·
1119 1369 1249 1433 admisso.
1269 1372 1427 1442 imperatris
1447 1375 1531 1428 aulum
1550 1373 1583 1426 etl
1602 1377 1724 1430 osculum
1747 1379 1823 1450 pedis
1841 1391 1870 1434 et
1887 1401 1948 1438 tua·

250 1455 326 1510 sinas
343 1455 499 1518 4444444444,
518 1455 559 1508 rel
576 1455 695 1510 44444444
707 1455 890 1524 neglecturus,
904 1454 1066 1510 benedictio·
1121 1469 1188 1518 uus,
1204 1471 1260 1508 non
1277 1473 1337 1510 tero
1352 1457 1410 1511 oris
1427 1456 1596 1510 admittatur.
1616 1457 1670 1512 rial.
1695 1459 1740 1513 eit.
1764 1473 1823 1516 not.
1849 1463 1946 1535 dignit.

252 1557 312 1595 netu
332 1538 361 1594 iu
378 1539 493 1595 4444444
510 1537 654 1594 4444444444
670 1539 822 1594 4444444444.
851 1539 961 1618 44444444
985 1540 1070 1609 igitur
1120 1536 1181 1590 44444.
1201 1540 1226 1592 4.
1244 1542 1325 1596 4444
1343 1559 1372 1614 p.
1392 1543 1452 1598 444.
1469 1539 1947 1612 ρν.0444.(4444.444.444.1.4οη44.

251 1625 317 1680 baec
334 1625 452 1680 civilitas
468 1623 566 1678 Jsoobi
583 1623 682 1686 caruit,
707 1623 770 1694 quia
796 1619 876 1678 44444
897 1623 983 1678 lessus
1000 1635 1070 1692 erat.
1121 1621 1224 1694 imm?
1242 1625 1305 1678 444.
1396 1661 1403 1668 -

255 1706 367 1778 magnii.
379 1709 429 1762 dn.
443 1706 531 1760 444444.
542 1705 638 1781 444444.
650 1721 674 1758 4.
688 1706 713 1758 3.
728 1706 765 1758 ata
780 1706 806 1758 4.
1155 1707 1244 1762 Restat
1262 1711 1369 1764 4444444
1389 1715 1420 1765 nt
1436 1711 1582 1766 resolvatur
1600 1711 1644 1778 id,
1662 1713 1733 1784 quot
1747 1714 1878 1786 insignem
1908 1714 1946 1766 ci·
1964 1695 1998 1748 Π

198 1795 233 1848 44
287 1793 329 1846 at
345 1794 449 1862 eulpam
461 1811 476 1844 4
487 1790 617 1846 4444444444
635 1786 751 1862 proficua
764 1791 949 1848 renoreotara
963 1788 1071 1846 tettien·
1123 1787 1230 1844 tilitatis
1248 1791 1371 1844 effectum
1389 1795 1495 1850 44444444
1512 1797 1634 1850 nonnihil
1653 1797 1784 1868 impedire
1802 1815 1835 1852 ex
1853 1798 1945 1888 ‘¹¹²¹'⁵⁰t

251 1877 320 1934 44444
339 1877 409 1934 aritc
425 1891 489 1947 quae
507 1873 586 1930 tacite
602 1873 868 1940 oonmtuitumon
878 1875 1022 1930 chasmatis
1035 1876 1071 1927 lo·
1121 1872 1190 1942 qtaotl
1208 1872 1297 1927 inrito
1320 1875 1435 1930 malerei
1455 1895 1508 1930 non
1534 1881 1617 1948 possit
1636 1879 1815 1938 'beneficium
1842 1885 1947 1938 Verum

252 1966 297 2029 ci,
318 1961 461 2034 temporis,
478 1977 621 2032 44444444,
640 1960 753 2030 aliisque
774 1959 991 2014 eirnrmatautiis.
1007 1959 1070 2014 Sui·
1122 1956 1193 2010 itlem
1211 1967 1251 2010 ast
1269 1959 1296 2012 itt
1315 1960 1390 2026 jure,
1409 1979 1462 2014 nou
1479 1961 1579 2014 babere
1602 1979 1633 2015 44
1658 1964 1755 2020 babere
1779 1967 1863 2033 nolle,
1881 1985 1943 2021 curo

174 2040 175 2048 ἵ
251 2048 332 2104 ficiat
348 2049 393 2102 ltlc
410 2063 459 2119 pro
474 2047 597 2118 exempto
614 2046 735 2100 44444444
752 2045 948 2118 quadratiano
969 2045 1022 2098 looi
1042 2045 1071 2098 in
1121 2043 1287 2100 renunciatio
1310 2045 1348 2098 sit
1370 2045 1437 2114 juris
1462 2045 1515 2100 sibi
1538 2049 1714 2116 competentis
1732 2051 1850 2118 rejectio.
1869 2054 1942 2106 ilinc

249 2133 359 2204 belgio,
377 2131 481 2186 ratione
510 2147 684 2203 personatum
703 2132 773 2186 iuter
789 2131 910 2202 aequales
938 2128 1069 2199 dignitato
1121 2135 1149 2180 44
1164 2121 1346 2198 quaestionem
1363 2131 1436 2182 illam
1454 2139 1545 2184 atrum
1558 2129 1665 2184 44444444·
1679 2143 1743 2185 ante
1756 2131 1942 2192 diemsolaere

248 2225 274 2270 at
289 2230 353 2270 aeae
370 2233 495 2286 magnum
521 2215 629 2287 praebet
646 2214 790 2270 civilitatis
812 2224 999 2286 argumentum.
1025 2214 1070 2268 rt·
1119 2213 1646 2285 μουᾱί444444444444444,414444444444
1671 2216 1768 2271 44444444
1787 2219 1896 2273 Gbmec.
1922 2231 1942 2274 t.

247 2312 344 2370 444444
362 2301 437 2355 enim
453 2301 540 2356 oscula
558 2301 587 2352 44
606 2298 711 2369 siguum
728 2301 844 2366 4444νί4,
857 2317 935 2372 quem
949 2315 1069 2356 reteren-
1122 2296 1148 2348 4.
1166 2313 1231 2350 tror-
1244 2298 1324 2351 resul.
1341 2316 1366 2352 4.
1387 2301 1431 2353 44.
1449 2315 1477 2351 4.
1495 2299 1541 2352 24.
1558 2315 1617 2352 cura
1636 2298 1809 2356 distinctions
1831 2315 1939 2370 444444,

248 2387 300 2440 4444
318 2398 347 2441 44
364 2385 502 2442 civilitatis
528 2385 705 2438 characterem
735 2385 884 2456 scripturae
906 2383 1071 2438 testimoniis
1122 2382 1146 2434 si
1163 2381 1223 2434 soil.
1241 2381 1298 2434 tliea
1316 2381 1401 2435 ‹tebttt
1414 2381 1451 2436 sit
1466 2395 1536 2439 certa
1551 2393 1580 2438 et
1591 2383 1619 2438 ic
1631 2387 1743 2453 gratiam
1759 2384 1888 2440 debitoris
1902 2398 1940 2440 ta·

247 2480 274 2524 et
293 2485 434 2540 regnorum
451 2470 584 2540 exemplis
607 2468 667 2522 tuae
695 2479 806 2522 annulat
822 2469 1007 2540 praelantlattts
1025 2469 1071 2523 dn.
1123 2465 1158 2518 lis
1175 2464 1268 2518 tibtto
1286 2462 1369 2521 444444
1386 2483 1522 2532 oonoessa,
1541 2466 1611 2538 quoti
1625 2469 1654 2521 in
1665 2467 1745 2520 dubio
1756 2471 1941 2540 praesumitur.

250 2553 340 2608 444444.
357 2551 613 2624 iranotitdignitat
626 2551 851 2606 disabobtlt.
866 2553 933 2604 4.4.
957 2553 1024 2606 446.
1040 2553 1067 2606 iu
1123 2549 1292 2622 Eliectusque
1309 2549 1390 2604 444444
1404 2549 1545 2605 uirilitatis
1562 2553 1710 2604 communit
1728 2563 1768 2606 est
1784 2570 1843 2606 cum
1868 2554 1940 2608 obla·

248 2659 302 2712 quo
320 2638 409 2709 capite
425 2636 541 2708 plurima
559 2637 641 2690 simul
658 2636 794 2692 civilitatis
813 2639 842 2691 in
856 2636 977 2692 moribus
993 2653 1070 2706 argu·
1123 2633 1194 2688 lione
1211 2633 1346 2690 ordinaris
1363 2633 1465 2702 debiti,
1484 2651 1579 2707 nempe
1596 2636 1721 2691 liberatio
1732 2637 1765 2692 ab
1778 2639 1942 2694 iuterusurlo

249 2733 347 2779 444444.
365 2721 438 2792 Qnitl
456 2739 532 2786 roro,
550 2720 634 2790 siquis
651 2720 784 2790 rirginem
803 2723 842 2774 rel
862 2729 1007 2776 matronam
1027 2721 1070 2776 bia
1120 2729 1148 2773 44
1165 2720 1296 2791 periculo,
1315 2735 1362 2791 ptr
1380 2719 1460 2792 alleg.
1476 2739 1495 2774 a
1512 2717 1561 2774 444.Ι
1576 2719 1720 2774 Brennum.
1752 2724 1849 2776 Parus.
1873 2725 1941 2778 Wes.

247 2811 277 2863 in
295 2809 361 2862 loeis
376 2804 507 2860 oscalatus
525 2801 618 2868 luerit,
637 2819 754 2856 44444444
772 2813 800 2854 44
816 2803 938 2856 effoetum
967 2801 1066 2856 4444444-
1118 2802 1159 2854 tit.
1177 2803 1210 2854 de
1227 2802 1319 2858 usuris
1335 2821 1381 2875 aa.
1400 2804 1444 2858 34.
1463 2802 1541 2858 Geni.
1561 2803 1691 2860 Aemilius
1704 2805 1829 2861 Ferratus
1846 2817 1942 2861 tottr.

248 2894 326 2947 simis
350 2889 441 2944 serbis
465 2897 622 2944 contestatus
632 2883 646 2938 4
671 2889 738 2940 Puto
762 2897 842 2952 44444,
873 2903 950 2958 posse
977 2887 1066 2957 ipsum
1120 2883 1155 2940 tie
1170 2899 1257 2940 44444.

249 2976 407 3045 iniuriarum
424 2975 528 3026 actione
544 2971 692 3036 conveniri,
706 2971 891 3025 nonobstante
910 2971 1067 3040 exceptione
1155 2971 1193 3024 Ut
1210 2987 1275 3025 roro
1287 2970 1398 3026 utilitati
1416 2971 1446 3026 itt
1463 2989 1560 3044 444444
1576 2979 1610 3029 tx
1626 2973 1756 3030 citilitste
1765 2974 1892 3031 oriundae
1903 2975 1941 3028 el'·
1961 2993 1995 3045 1⁸

245 3060 334 3114 cirilla
351 3057 452 3126 animi,
471 3059 534 3110 dom
551 3057 627 3126 culpa
643 3053 742 3110 resitlst
758 3053 1065 3109 incircumstantielooi
1120 3052 1202 3109 ieotns
1224 3055 1293 3122 juris
1321 3056 1497 3122 attribuatur,
1522 3061 1569 3128 qui
1596 3061 1754 3130 regulariter
1776 3063 1899 3116 consistit
1916 3061 1944 3114 iu

249 3147 320 3199 ltnnc
340 3153 426 3198 actam
444 3159 492 3214 pto
511 3140 609 3210 injuria
627 3139 785 3211 reputantist
811 3137 895 3194 latitat
917 3137 1017 3209 quippo
1041 3149 1069 3193 et
1124 3139 1289 3204 actiona,ad
1306 3157 1383 3210 quant
1402 3139 1600 3210 producentem
1621 3141 1760 3197 sufficiens
1781 3146 1820 3199 sit
1842 3155 1948 3216 oportet

250 3228 295 3282 hio
311 3227 416 3281 interna
434 3227 522 3296 aliqua
539 3223 690 3296 turpitudo,
707 3221 1071 3289 stimulussolibidiuisrut
1124 3241 1199 3280 eausa
1218 3222 1346 3279 efficiens.
1375 3225 1737 3282 schoenemannus
1754 3230 1828 3283 rubr.
1856 3241 1884 3284 et
1904 3249 1947 3302 pr:

246 3311 311 3366 ltine
326 3313 445 3366 osculum
463 3309 515 3364 uisi
536 3324 594 3362 mos
611 3306 729 3378 regionis
746 3305 818 3362 sliutl
836 3306 966 3372 emansit,
994 3325 1072 3378 prae-
1124 3307 1164 3361 444.
1178 3327 1207 3362 4.
1222 3310 1248 3362 ’4.
1259 3307 1401 3376 Quaeritur
1413 3309 1597 3380 enpronueot
1608 3308 1745 3364 astionem
1754 3309 1868 3364 uirilitas
1876 3327 1943 3382 pm·

250 3405 367 3450 44444444
381 3394 556 3449 luxuriosum.
574 3393 620 3446 444.
645 3391 802 3444 4.-4444444.
828 3389 892 3445 dtis.
915 3389 943 3444 d.
968 3391 1070 3447 444444.
1114 3385 1220 3458 ficata?
1237 3389 1361 3444 Bretitsr
1378 3390 1458 3460 igitur
1475 3391 1584 3444 omissis
1601 3391 1719 3460 spinosis
1735 3393 1943 3461 quaestionibus,

250 3481 273 3546 ς.
291 3479 336 3532 il.
353 3490 380 3534 44
399 3480 442 3532 44.
461 3476 540 3532 Coei.
559 3477 612 3530 Du.
631 3476 739 3528 44444444
758 3493 850 3530 ecana.
866 3476 927 3548 jer·
943 3475 1025 3546 saud.
1051 3493 1072 3528 4.
1125 3472 1268 3528 dicendum
1286 3477 1347 3530 4444.
1366 3476 1454 3546 lpsarn
1471 3474 1581 3545 quinam
1604 3475 1760 3532 civilitatem
1786 3477 1946 3548 principali·

250 3563 295 3616 43.
311 3565 349 3617 tls.
368 3563 412 3615 ttt.
431 3560 494 3616 hino
511 3561 537 3614 si
553 3569 625 3615 aetus
636 3559 681 3613 hic
694 3570 844 3615 exerceatur
861 3581 881 3616 4.
895 3563 1003 3619 masolio
1011 3577 1071 3614 eum
1125 3565 1165 3614 444
1183 3573 1237 3612 non
1257 3560 1401 3627 pmducere
1412 3558 1561 3625 actionem,
1575 3560 1620 3614 444
1634 3562 1751 3628 junctam
1763 3549 1952 3616 contractibus

250 3663 331 3701 onore
348 3645 452 3701 44444444
469 3643 559 3710 feudi,
576 3653 687 3715 propter
705 3646 852 3714 neglectam
870 3645 1074 3700 aimulcieeurn·
1125 3641 1165 3694 tal
1184 3641 1248 3695 aliis
1263 3641 1366 3696 actibus
1383 3641 1476 3696 ltorum
1499 3641 1607 3696 effectus
1625 3643 1789 3698 utilitatibus
1805 3645 1842 3698 its
1867 3661 1946 3712 saga·

251 3729 374 3787 stantiam
394 3746 534 3803 pmsouae,
552 3729 706 3798 diguitatis,
736 3731 822 3801 pricnt
836 3731 977 3784 rassallum
995 3727 1073 3782 leutio
1124 3742 1166 3790 44,
1188 3737 1218 3782 ut
1237 3726 1355 3780 instituta
1372 3726 1438 3780 actio
1454 3743 1488 3780 ex
1506 3727 1700 3782 contrectaret
1718 3728 1771 3780 alio
1787 3737 1861 3793 actu,
1880 3727 1946 3780 ciri·

251 3819 374 3886 Vulteius
390 3833 413 3870 c.
434 3816 478 3866 tt.
496 3831 525 3867 4.
538 3813 583 3866 34.
601 3813 637 3868 44
655 3823 762 3868 tentam
782 3815 807 3865 4.
815 3814 898 3884 seua.
917 3813 942 3866 4.
960 3812 999 3866 ibi
1008 3829 1072 3867 oum
1123 3808 1209 3864 litatis
1226 3809 1334 3864 44444444
1352 3811 1433 3864 airuul
1450 3821 1631 3882 musquetur.
1651 3813 1728 3884 Quos
1746 3813 1799 3878 juna
1813 3813 1847 3866 etl
1859 3811 1946 3882 ipsam

252 3921 285 3956 eo
299 3900 412 3968 turpiter
427 3897 530 3954 4444444.
549 3894 625 3950 Cani.
643 3894 688 3950 tin.
708 3896 816 3950 Praesea
833 3898 864 3950 in
883 3897 1015 3950 44444444
1025 3895 1073 3966 ju·
1126 3895 1195 3964 juris
1215 3895 1369 3951 metitotlum
1388 3905 1411 3962 ς.
1429 3895 1477 3952 ab.
1494 3897 1559 3950 4444.
1577 3897 1602 3950 d
1617 3896 1640 3964 γ’.
1651 3913 1677 3952 4.
1687 3913 1714 3967 5.
1727 3896 1752 3952 tl·
1773 3898 1946 3952 etc.e1ami·

251 3983 407 4054 risfiadal.
424 3999 447 4037 4.
466 3982 513 4036 2³.
530 3999 575 4054 qu·
594 3980 636 4035 44.
654 3979 806 4036 Matthaeus
823 3979 857 4036 tle
873 3979 990 4036 Afflictis
1001 3979 1040 4033 ad
1050 3985 1072 4043 4.
1127 3978 1244 4045 nudes,
1256 3978 1568 4052 sequanttauttttetuot
1578 3981 1674 4052 muita

937 4143 1186 4214 CAPUT
1232 4143 1280 4212 11.

627 4317 681 4384 De
704 4315 870 4385 nobilitate
887 4315 1042 4413 proficua
1066 4315 1160 4386 circa
1184 4329 1310 4386 stuttun
1328 4339 1561 4405 personarum.

488 4489 509 4539 8
529 4491 557 4544 U
572 4489 607 4540 M
621 4490 658 4542 44
673 4490 700 4540 A
719 4491 744 4542 44
762 4492 781 4543 1
799 4491 826 4544 A
1155 4491 1274 4558 protasio
1293 4505 1330 4545 ea
1345 4485 1535 4544 decimatione
1551 4490 1608 4556 4444
1626 4497 1744 4544 stantum
1762 4487 1849 4556 regni.
1872 4491 1945 4558 Quo·

1158 4571 1240 4627 motio
1259 4573 1353 4626 altimo
1377 4573 1455 4626 44444
1472 4572 1667 4629 declarationis
1691 4568 1880 4641 intelligenda.
1904 4571 1945 4622 04

252 4661 377 4719 4444444444
387 4661 459 4713 ratio
473 4675 510 4711 ere
515 4659 580 4731 jure
590 4658 713 4712 44444444·
721 4665 749 4710 44
760 4661 930 4726 4444444444.
944 4677 971 4712 n.
987 4663 1013 4712 1.
1158 4674 1242 4712 unam
1271 4656 1313 4710 444
1330 4658 1448 4712 alterutra
1473 4667 1565 4712 444444
1582 4657 1758 4724 tyrannicum
1777 4672 1835 4710 nora
1852 4663 1947 4724 potest

252 4747 378 4805 (44444444
399 4741 527 4818 proficuo
550 4759 608 4795 non
636 4749 676 4794 444
699 4743 831 4794 termines
853 4751 931 4812 aptata
948 4752 1070 4812 manacta
1158 4739 1261 4810 &pont
1276 4757 1338 4794 ress.
1360 4741 1433 4809 Quid
1453 4739 1640 4803 sentientiam,
1657 4739 1688 4791 44·
1700 4755 1750 4792 reto
1768 4755 1941 4792 consumma·

289 4833 346 4888 Dei
356 4847 420 4900 erga
437 4827 574 4882 bominem
592 4836 619 4878 et
636 4835 749 4886 contro,
767 4824 1009 4880 demonstrataricl
1022 4845 1072 4898 per
1158 4833 1215 4876 4444
1234 4823 1333 4876 4444444
1359 4825 1411 4888 sit.
1430 4823 1456 4879 4.
1474 4845 1497 4879 4.
1513 4823 1648 4894 pedestras
1666 4819 1823 4892 tyrannas?
1846 4819 1942 4884 Reipu-

289 4914 434 4982 44444444,
451 4929 505 4982 qao
523 4925 605 4964 sensa
622 4918 716 4962 444444
733 4905 762 4960 t’n
782 4907 845 4962 Deo
863 4909 1034 4974 admittetur,
1046 4922 1072 4967 44
1161 4906 1248 4962 444444
1263 4907 1320 4976 pol.
1336 4906 1420 4977 pietas
1437 4924 1508 4977 4444
1525 4923 1666 4978 nunquam
1691 4905 1725 4960 44
1743 4902 1941 4958 crudelissimos

286 5003 351 5072 quid
367 4995 501 5054 civilitatis
515 4991 651 5066 proficuae
678 4993 789 5046 nornine
811 4991 839 5044 44
871 4993 983 5049 bomine
1004 5013 1070 5065 ergo
1160 5000 1237 5044 actus
1255 5005 1332 5061 reges
1350 5006 1414 5044 roos
1435 4989 1589 5062 deposuisse
1613 4989 1720 5059 legitur·
1748 4987 1865 5043 Uelinum
1890 5003 1942 5040 44-

290 5087 378 5139 444444
390 5081 489 5137 uenire
497 5080 593 5148 possit,
603 5075 716 5130 abusive
727 5085 821 5130 tomen
832 5077 861 5128 in
875 5078 1035 5148 raroquein.
1044 5079 1069 5130 4.
1160 5073 1278 5143 emplum
1300 5073 1442 5129 6444444νί.-
1456 5073 1536 5142 Quod
1543 5074 1656 5143 suetam
1675 5082 1763 5124 tamen
1773 5071 1948 5140 poenitentia

252 5169 311 5223 Nec
329 5173 447 5240 respectu
465 5157 956 5230 principisergnanbditosetcontra.
973 5163 1070 5218 ilatio-
1161 5167 1189 5210 et
1208 5159 1383 5212 revocatione
1412 5156 1484 5228 regis
1516 5155 1667 5225 espancis:
1696 5153 1820 5222 specialia
1843 5154 1875 5208 de
1894 5155 1945 5206 lenc

289 5269 344 5309 nes.
364 5249 482 5304 Abusina
500 5246 585 5316 igitar
605 5244 694 5299 etium.
714 5244 762 5297 An
783 5244 936 5298 4444444444
953 5255 1071 5300 umorue
1167 5257 1261 5308 regam
1278 5237 1459 5294 submissione
1490 5239 1645 5294 4444444444
1663 5255 1702 5292 ea
1715 5238 1782 5309 jure
1793 5237 1939 5292 calanensi.

288 5334 420 5408 prirrcioi's
450 5331 565 5388 'uirilitas
582 5329 614 5382 in
631 5327 809 5384 4444444444
819 5328 893 5402 jeria
911 5329 956 5402 soi
979 5329 1068 5383 consi·
1157 5341 1185 5380 n.
1204 5327 1230 5379 3.

286 5419 379 5476 stent?
393 5420 459 5489 Neg.
472 5433 509 5470 en
535 5413 647 5476 Gratia,
671 5413 705 5465 44
727 5415 820 5464 uarias
842 5411 969 5468 rationes.
997 5411 1073 5480 Quid·
1123 5411 1276 5468 Commoda
1307 5411 1385 5465 istius
1413 5409 1549 5464 civilitatis
1567 5412 1596 5462 in
1617 5408 1733 5478 regibus.
1751 5410 1855 5472 nerum
1879 5405 1945 5458 cat·

283 5507 420 5558 deserere.
438 5515 531 5569 regunt
546 5495 686 5550 Paionion
697 5495 863 5566 jararnenta's
879 5495 1068 5560 sentientiam,
1156 5499 1227 5562 liae,
1246 5509 1272 5550 et
1295 5499 1410 5568 1444444
1424 5495 1594 5566 imperatoris
1618 5491 1783 5556 4444444444,
1805 5507 1857 5559 qao
1879 5490 1941 5558 fine

285 5585 432 5656 inquibus
451 5599 551 5650 magna
563 5579 639 5653 juris
657 5579 725 5650 regii
739 5579 900 5634 4444444444
922 5583 1016 5650 longe
1032 5601 1067 5653 a·
1149 5583 1250 5656 foeta?
1268 5581 1362 5636 Caroli
1385 5583 1417 5634 V.
1434 5579 1464 5632 ira
1483 5579 1577 5650 Belgio
1597 5575 1747 5650 foederato
1773 5587 1937 5630 4444444444

287 5673 325 5728 liu
344 5687 425 5742 44444
443 5669 624 5724 caranana'trr
650 5665 735 5731 44444,
753 5661 959 5722 &moraretur
982 5667 1066 5724 inter·-
1151 5679 1179 5722 et
1195 5667 1316 5736 Plailr‘ppi
1332 5668 1371 5722 11.
1387 5665 1418 5720 44
1436 5666 1529 5720 eodem
1549 5664 1649 5718 4444444
1668 5663 1790 5720 rationes
1803 5679 1839 5716 er
1852 5657 1941 5714 er'sils'·
1958 5695 2026 5724 ,-
