4446 6220
1927 286 1992 363 sti·

402 287 456 367 o'tr
863 309 1050 365 utsrnrsr.
1070 307 1133 360 ιιι.
1150 305 1294 362 tttnttttt.
1312 309 1345 368 tt.
1365 293 1515 364 oncant.

345 420 441 486 iacens,
461 407 499 463 uti
521 403 634 462 inferius
653 403 894 468 demonstrabitur,
918 408 1090 474 interponent.
1111 405 1158 455 Di·
1211 403 1318 470 probat,
1337 423 1403 475 opus
1421 425 1478 460 esse
1503 401 1665 468 redditione,
1691 401 1714 456 si
1740 401 1891 456 dominium
1926 405 2037 456 donatos

332 485 418 555 s'eer'es
432 493 566 550 dominans
579 491 660 544 luisse
670 488 862 554 itaereditatem,
876 487 1024 540 dominium
1040 504 1091 538 nou
1106 505 1160 540 esse
1210 505 1362 559 recuperare
1381 490 1455 552 relit,
1477 509 1523 543 nec
1541 489 1607 542 illud
1626 487 1733 540 restitui
1748 488 1807 556 ipso
1822 489 1894 552 iore.
1908 489 1963 538 lire
1976 505 2037 556 pes·-

342 581 440 652 ebsque
465 576 636 648 possessione·
662 573 799 640 Responsl.
825 571 979 626 Dominium
1007 570 1161 639 regulariter
1211 573 1348 644 spicoitstc
1367 591 1420 628 noo
1439 573 1580 636 obstante,
1602 570 1772 640 Tiropuellus
1782 569 1882 622 celebri
1895 587 2035 623 commesa-

342 683 396 721 uon
416 665 547 734 incipere,
569 657 621 712 nisi
641 676 655 711 s
676 657 849 726 possessione.
870 655 921 708 Sed
941 654 1038 727 absque
1055 673 1159 726 posses·
1210 654 1281 708 tario
1299 656 1337 708 oti
1352 654 1378 711 d.
1397 658 1415 710 l.
1434 659 1458 710 8.
1478 667 1504 708 et
1524 654 1664 724 praecipue
1681 653 1713 704 ad
1732 651 1759 704 d.
1777 651 1886 704 uerbum
1915 661 2036 704 reverte·

344 751 418 805 sinne
437 746 579 802 subsistere
596 741 763 814 anquisitum.
781 738 856 811 Quod
875 733 999 809 apparet,
1011 738 1159 791 domtoost
1209 751 1260 800 rur,
1281 759 1327 792 nec
1347 759 1398 792 non
1418 738 1582 792 Dortettostn
1596 747 1738 790 cornment.
1750 732 1897 788 cudios'sod
1910 735 2033 788 eumdem

345 834 508 907 possessione
526 829 565 882 rei
587 839 639 880 tam
661 825 768 880 mobilis
786 841 865 895 qnam
886 823 1033 877 immobilis
1051 823 1160 889 deieeo.
1210 825 1236 875 id
1256 826 1369 886 uoluere,
1388 835 1415 878 ut
1436 824 1619 878 urtirersaliter
1637 819 1695 890 ipso
1716 821 1793 892 jure.
1816 818 1963 870 dominium
1987 835 2032 870 re·

344 916 561 989 Responsioncm
578 910 738 984 praedictam
756 907 934 978 quaestionem
954 903 1160 975 affirmantibus
1209 907 1288 972 serti,
1308 919 1369 960 onte
1387 907 1561 960 redditionem
1581 907 1613 960 rit
1632 914 1785 973 receptum.
1813 899 1950 955 Caeterum
1976 917 2031 953 nou

342 1004 476 1072 relinquo.
987 1005 990 1012 ’
1209 990 1279 1042 idem
1298 1008 1355 1042 esse
1374 991 1402 1042 in
1421 992 1582 1043 revocatione
1599 995 1765 1056 competente
1796 985 1831 1038 nb
1860 985 2031 1036 commissum

377 1093 398 1150 ς.
419 1085 462 1137 tx.
482 1077 598 1133 Celebris
616 1074 751 1146 quaestio.
774 1091 809 1126 on
834 1071 925 1126 liberis
942 1067 1160 1142 supervenienti·
1206 1073 1446 1141 r'ngrorltndinem‚
1465 1083 1509 1126 aut
1527 1071 1562 1124 ob
1580 1079 1724 1122 cessantem
1741 1078 1872 1132 ereetum,
1886 1069 1960 1135 cujus
1974 1085 2033 1119 cess·

341 1173 403 1233 bns,
423 1168 481 1239 ipso
496 1166 562 1232 ¹jure
585 1169 687 1229 snugrre
713 1157 836 1229 quaedum
863 1156 970 1210 donatio
995 1165 1158 1218 res-ertstnr,
1208 1177 1234 1211 sn
1254 1157 1388 1220 donatum,
1407 1157 1527 1225 quisine
1547 1155 1737 1209 revocationem
1758 1152 1854 1216 dendo,
1880 1151 1976 1205 nullibi
1995 1154 2032 1206 le·

338 1236 462 1318 utemur
479 1259 539 1300 ente
553 1243 749 1298 restitutionem
768 1241 878 1292 dontio?
892 1255 952 1290 ¹¹¹⁰!
965 1238 1086 1290 dominu!
1101 1238 1157 1290 retl-
1207 1241 1484 1310 gatnreasudesnesse
1502 1237 1738 1292 natsrraiissa'item
1761 1236 1959 1306 possessionis,
1989 1235 2031 1289 rei

328 1315 410 1392 ,ditus
430 1327 529 1386 fuerit?
552 1326 716 1382 triennio
741 1326 874 1395 plerisque
897 1325 1011 1394 placuit,
1035 1323 1069 1375 ob
1093 1323 1113 1375 l.
1136 1325 1160 1376 si
1207 1327 1267 1395 ipso
1284 1325 1340 1391 jure
1371 1323 1478 1376 domino
1496 1326 1549 1390 jam
1577 1322 1713 1374 restitutae
1735 1319 1868 1388 pristinos
1894 1317 2031 1386 applican-

339 1435 459 1489 uttquum
479 1417 505 1467 8.
525 1431 545 1468 c.
564 1411 597 1464 de
616 1410 759 1464 revocanti.
780 1407 874 1461 donor.
893 1408 965 1475 cujus
984 1405 1061 1459 serbe
1079 1423 1146 1474 eppo
1207 1401 1269 1456 dnm
1290 1406 1400 1476 proinde
1418 1423 1474 1460 esse
1490 1409 1531 1476 jus
1549 1405 1716 1458 orrliusriure
1737 1401 1853 1456 dominii
1865 1417 2030 1472 recuperen-

329 1477 400 1559 ‚uai,
415 1500 450 1555 d'i
467 1515 586 1567 unquam
605 1494 707 1548 libertis
724 1489 946 1564 petronusfilius
964 1507 1020 1542 non
1034 1489 1156 1552 debens,
1207 1487 1251 1538 di.
1271 1487 1459 1559 Exceptionem
1475 1494 1553 1558 aiunt
1571 1489 1611 1560 (i)
1627 1506 1686 1542 csse
1704 1491 1731 1540 in
1751 1487 1908 1549 «lunatione,
1926 1486 1960 1538 nb
1980 1486 2031 1537 eli·

337 1587 411 1640 borso
431 1585 541 1645 ontnt'o,
561 1580 608 1632 vel
630 1589 736 1646 portem
759 1576 878 1646 aliquan
887 1574 1058 1644 facultatum
1066 1573 1158 1643 fiserr't
1207 1581 1292 1624 menta
1311 1575 1462 1644 praestando
1481 1574 1610 1638 donatori,
1630 1573 1652 1624 si
1672 1573 1824 1624 donatarius
1843 1569 2031 1640 obtempsrm

337 1665 489 1723 donatione
506 1663 633 1730 largitos,
653 1673 678 1712 ct
695 1671 790 1726 posteo
809 1656 950 1728 susceperit
974 1655 1091 1722 liberos.;
1109 1668 1144 1709 ·to
1206 1655 1295 1708 noluit.
1315 1657 1333 1708 l.
1355 1659 1376 1708 1.
1396 1675 1419 1710 c.
1438 1653 1472 1710 de
1490 1657 1580 1710 donat.
1600 1673 1670 1726 quae
1694 1656 1743 1710 sol
1769 1654 1917 1707 modoetc.
1948 1655 2030 1711 Recte

336 1764 392 1805 tone
412 1745 667 1822 quicquid-largitos
677 1745 796 1812 suerat,
823 1753 971 1794 revertatur
988 1742 1016 1792 in
1038 1739 1155 1812 ejusdem
1205 1739 1325 1807 quidem:
1345 1733 1404 1795 narn
1424 1742 1501 1794 slatus·
1519 1742 1543 1794 el.
1561 1741 1580 1792 l.
1598 1740 1798 1794 rei-vindicatio
1816 1739 1897 1803 utilis,
1916 1755 1964 1808 qus
1980 1737 2030 1792 ds.

325 1833 479 1892 ‚donatoris
494 1830 608 1882 arbitrio
629 1844 791 1882 monestrum.
812 1827 901 1879 Prisno
915 1825 958 1876 bio
969 1826 1155 1894 quaerendum,
1207 1823 1318 1877 titinium
1338 1826 1481 1896 pristinum
1503 1826 1679 1887 restituatur,
1698 1835 1862 1895 etexpresse
1880 1823 2029 1894 astjtcltor,

296 1931 315 1980 =1
336 1931 368 1968 en
389 1918 430 1968 lex
448 1913 479 1966 ad
500 1915 688 1983 quemcumque
707 1909 871 1962 donatariom
892 1907 1040 1980 pertineat?
1058 1909 1154 1978 Negant
1206 1925 1268 1980 non¹
1274 1911 1447 1980 personalem
1466 1911 1522 1964 dari
1544 1911 1687 1973 sotionem,
1706 1909 1752 1962 sed
1770 1909 1872 1962 reolem
1886 1909 1925 1962 rei
1938 1908 2030 1963 sindi·
2073 1929 2074 1932 ¹

333 1998 360 2051 id
380 1999 422 2050 dd.
441 1997 590 2063 allegoriter,
609 1993 642 2044 dn
659 1993 753 2044 liberio
777 1991 895 2045 eamdent
922 1992 1012 2061 loqui·
1036 1991 1151 2045 Proinde
1205 1993 1333 2047 cretionem
1354 1995 1450 2061 (id-Si
1470 2013 1565 2065 sponsa
1585 2011 1689 2066 sponso,
1708 2003 1755 2046 aut
1773 1994 1829 2046 sice
1849 2009 1928 2056 terre,
1947 1993 2028 2063 quid.

331 2077 596 2152 jus,obl.tt.ff.
616 2078 688 2129 der.
708 2077 733 2148 j.
759 2075 997 2130 extraordinarium
1024 2091 1075 2125 nnn
1099 2091 1155 2127 esse
1205 2095 1282 2146 qustu
1303 2079 1449 2142 donsrerit,
1467 2079 1618 2150 etuuptiae
1644 2095 1696 2132 nott
1722 2087 1844 2146 sequutae
1861 2077 1886 2128 l.
1918 2077 1959 2128 lii.
1992 2078 2028 2131 sle

332 2162 542 2221 extendendum.
564 2163 667 2216 ddltocc
687 2163 814 2213 disertam
840 2159 1043 2214 corrrctionem
1064 2159 1161 2210 liberti.
1205 2163 1371 2215 denotante
1395 2175 1469 2235 nispe.
1495 2165 1587 2215 Detur
1603 2161 1675 2215 enim
1701 2159 1842 2230 repetenti,
1870 2177 1923 2212 non
1947 2161 2027 2216 rttode

332 2261 361 2305 et
377 2246 511 2302 extranei.
534 2245 657 2297 Lsssortus
676 2245 747 2296 enirn
766 2263 824 2298 cum
845 2245 904 2315 plus
929 2243 1033 2314 pietatis
1064 2242 1154 2296 debeat
1203 2245 1345 2308 condictio,
1364 2247 1410 2299 sed
1429 2257 1456 2302 et
1475 2247 1544 2300 ectio
1563 2247 1591 2298 iu
1612 2261 1665 2298 tem
1686 2244 1765 2299 tttilis.
1785 2245 1914 2314 Exempla
1929 2245 1955 2298 d.
1967 2246 2027 2302 tt.

333 2331 617 2405 patronorceosendos
635 2345 736 2398 qnoque
755 2328 838 2394 megis
856 2325 1017 2379 consensisse
1030 2325 1057 2375 ire
1079 2325 1153 2378 resti·
1203 2337 1229 2379 se
1246 2329 1271 2380 d.
1290 2331 1307 2379 l.
1328 2330 1370 2380 1tt.
1390 2331 1514 2384 ridentur
1531 2345 1589 2382 esse
1608 2328 1646 2380 rei
1665 2329 1852 2381 vindicationis
1870 2328 2024 2382 utilisoom·

326 2415 477 2480 tutionem,
501 2415 562 2466 dom
582 2414 731 2480 accipitet)
751 2412 805 2473 illo,
825 2410 1153 2478 quieoanimncensetor
1204 2415 1324 2482 petentis,
1344 2417 1379 2468 ob
1398 2415 1547 2469 dominium
1567 2413 1701 2486 ipsojure
1726 2414 1868 2465 collatum.
1900 2413 2028 2466 Demins‘s‘

331 2507 410 2567 dmi
430 2511 458 2553 ¹¹²
476 2508 621 2552 “mellum
642 2495 719 2558 t'sslils
740 2496 762 2546 ’ἱ
782 2495 860 2548 liberi
880 2493 1093 2564 supervenerint.
1112 2492 1168 2564 Er,
1202 2515 1262 2552 sero
1280 2502 1454 2570 competentis
1472 2509 1561 2554 notam
1581 2513 1632 2550 nott
1650 2513 1706 2550 esse
1725 2505 1916 2566 competentem
1929 2496 2022 2558 ntilesu

327 2591 480 2658 quasivero
505 2591 640 2635 contractu
661 2581 727 2643 isto,
756 2578 902 2650 dependere
933 2581 973 2646 ius
994 2577 1150 2648 repetendi.
1201 2582 1240 2633 rei
1253 2582 1475 2648 ,vindicationem
1497 2581 1558 2634 dot.
1576 2579 1669 2635 rator.
1687 2581 1713 2636 el.
1731 2580 1844 2652 conject.
1864 2577 1888 2630 9.
1916 2597 1944 2630 n.
1962 2577 2022 2648 fio,

327 2670 427 2724 Mitrori
446 2666 537 2719 debito
564 2665 715 2718 devinctum
743 2681 800 2717 esse
832 2664 951 2718 donatori
976 2675 1150 2716 extraneum.
1201 2677 1325 2718 essentum
1345 2666 1407 2726 inite
1427 2664 1472 2717 ssd
1490 2663 1559 2734 qsroai
1579 2681 1634 2718 rem
1653 2677 1815 2736 praesentent
1836 2672 1945 2732 spectat.
1962 2661 2020 2716 ott

324 2755 425 2808 dierum
444 2750 466 2802 si
487 2765 517 2801 er
537 2748 671 2816 proedicto
690 2747 764 2817 quasi
782 2755 927 2810 contracto,
948 2750 987 2814 ins
1004 2747 1149 2802 resonatio-
1199 2749 1228 2798 d.
1246 2749 1308 2800 satis
1327 2750 1450 2819 probatur
1467 2749 1635 2810 cootmrium,
1650 2749 1761 2818 quinon
1775 2747 1948 2816 personalem
1963 2748 2021 2804 dori

327 2836 369 2888 uis
387 2834 572 2902 desumptum,
590 2841 616 2884 et
643 2833 670 2883 iu
695 2829 831 2895 confesso,
862 2841 1015 2884 extraneum
1048 2848 1151 2899 quoqne
1200 2831 1352 2897 actionem,
1375 2830 1420 2884 sed
1440 2833 1486 2885 -rei
1511 2831 1713 2886 vindicationem
1744 2831 1838 2884 utilem
1868 2833 2020 2884 storeirur.

295 2909 300 2914 ’
327 2919 458 2984 eumdem,
478 2919 539 2971 licet
558 2934 609 2968 nou
631 2926 704 2968 tanto
721 2931 847 2969 consenso
874 2915 959 2977 inire,
987 2915 1148 2983 probandum
1202 2913 1337 2969 Caeterum
1358 2915 1465 2970 effectus
1483 2915 1598 2970 dominii
1618 2915 1675 2986 ipso
1697 2919 1756 2984 jure
1781 2915 1916 2968 resleuntis
1948 2931 2019 2969 uora-

319 3003 381 3056 tttts
399 2999 443 3051 dd.
466 2999 646 3060 incumberet,
663 2999 737 3067 quasi
764 3015 921 3052 eonsensum
944 2999 1062 3050 extranei
1095 3015 1146 3051 non
1200 2997 1280 3052 misse
1300 2999 1489 3069 ingratitudine
1507 3011 1557 3066 est,
1575 3009 1604 3052 ut
1617 3000 1745 3052 accusatio
1758 2999 1855 3068 ingrati
1869 2999 2020 3064 (obtinendi

325 3099 424 3140 tautum
443 3100 519 3147 esse,
540 3083 628 3154 qrsuls's
645 3082 791 3152 requiritur
807 3083 846 3135 ad
866 3081 1070 3138 conventionem
1083 3118 1091 3132 .
1103 3085 1146 3136 dl·

317 3169 446 3220 ¹nitorsali
467 3167 549 3233 igitur
569 3167 668 3219 ratione
685 3163 751 3233 iuris
770 3165 975 3218 extraordinarii
1000 3165 1147 3230 existente,

326 3253 511 3304 universaliter
529 3266 630 3319 qumque
648 3249 798 3302 obtentura.
817 3250 903 3318 Magis
933 3249 1079 3317 negotiosus
1106 3253 1146 3318 ju-

326 3343 414 3396 raret,
432 3333 501 3402 quod
523 3343 660 3386 extraneus
678 3349 731 3384 non
749 3341 867 3386 teneatur
885 3331 1005 3384 donatori
1034 3333 1066 3385 ad
1096 3334 1145 3385 eli·

326 3426 423 3480 meuta,
442 3415 481 3466 uti
501 3415 624 3468 libertus.
645 3417 678 3467 dt
700 3417 767 3469 ratio
784 3415 924 3468 decidendi
944 3415 971 3466 in
990 3415 1045 3468 dl.
1065 3417 1082 3468 8
1106 3418 1145 3470 in-

289 3511 409 3574 poeria.
429 3501 505 3556 Pristi
526 3515 587 3551 saue
606 3496 765 3552 uttirrnostaa
789 3508 908 3570 recepte·
943 3500 1089 3565 Alterum,
1114 3519 1147 3554 att

283 3581 292 3590 ’
325 3582 658 3653 quotacumqoebonomm
679 3599 738 3652 pars
757 3584 792 3636 sit
820 3585 925 3649 donate,
951 3584 1027 3638 irrita
1055 3584 1147 3640 eradst

322 3667 453 3722 donatio?
473 3668 529 3718 Hoc
547 3664 736 3720 affirmandum
758 3669 856 3722 ridetur
873 3669 907 3720 ob
924 3670 1010 3732 rerba,
1029 3671 1071 3722 vel
1080 3687 1146 3738 per·

317 3761 375 3803 tem
396 3748 532 3819 elipeum.
552 3749 604 3802 Sed
624 3751 710 3806 terius
729 3752 819 3822 prepis
836 3752 911 3807 rerba
929 3753 980 3805 ista
993 3753 1142 3821 intellexit,

322 3831 356 3885 de
373 3849 464 3903 magua
485 3832 613 3890 bonorum
632 3843 706 3904 parte
724 3835 814 3888 euclem
835 3836 1059 3908 interpretando.
1083 3837 1142 3890 Non

317 3915 394 3970 enim
412 3917 549 3979 credibile,
568 3917 600 3967 de
619 3927 691 3988 parte
706 3923 802 3988 erigus
820 3920 977 3973 restituenda
995 3921 1068 3990 qnasi
1081 3939 1143 3975 coo·

323 4009 438 4060 rentum,
458 4017 523 4067 quae
543 4017 626 4068 neque
643 4013 761 4069 patrono,
782 4019 867 4071 neque
879 4003 981 4062 'liberis
1000 4013 1086 4072 portes
1102 4021 1144 4058 na·

327 4083 361 4134 tis
378 4084 502 4136 alimenta
521 4085 623 4137 adimit.
643 4087 787 4139 Postremo
806 4089 1002 4156 quaerendum,
1029 4107 1062 4142 ert
1088 4106 1142 4143 rer-

327 4166 367 4219 bis
385 4167 410 4219 d.
428 4167 448 4218 l.
466 4165 492 4219 8.
510 4169 659 4237 probabile,
679 4167 773 4224 donate
798 4174 859 4238 ipso
878 4173 944 4243 jors
968 4171 1068 4230 restitui
1100 4173 1143 4225 do·

326 4249 410 4302 minio
428 4248 569 4315 donobrio,
587 4269 620 4306 en
639 4253 743 4311 dentum
757 4255 1009 4324 postquamredslita
1028 4273 1043 4308 u
1062 4255 1142 4308 dnos·

323 4330 407 4386 tario?
425 4329 617 4392 Affirmatisern
636 4335 747 4404 probare
766 4349 894 4396 consutor
914 4337 1008 4404 serbo,
1028 4350 1141 4392 recentu-

321 4422 382 4478 tasr;
402 4415 442 4468 uti
459 4416 539 4478 enim,
558 4419 639 4485 ajtsnt,
657 4419 700 4472 s're
718 4420 825 4488 dicitur,
845 4424 894 4490 an'
907 4439 959 4488 per
981 4438 1011 4480 re
1035 4423 1056 4476 it
1102 4424 1138 4476 iro

1201 3095 1294 3152 nempe
1312 3085 1468 3138 seutentiam
1488 3099 1541 3138 non
1558 3081 1736 3153 dpinltinum,
1754 3083 1800 3134 sed
1820 3079 2016 3142 declaratoriam

1198 3164 1314 3235 sdteu)
1333 3176 1470 3236 postquam
1489 3166 1667 3221 intervenerat
1685 3165 1863 3218 reconcilietio
1876 3166 1959 3218 uoto
1978 3177 2023 3221 asu

1198 3262 1330 3316 expresse,
1349 3266 1401 3302 nou
1420 3260 1509 3308 cesset.
1527 3249 1662 3302 Censetura
1682 3265 1759 3314 sero,
1780 3241 1804 3301 'si
1837 3251 2017 3306 reconciliatio

1199 3329 1380 3408 interuenisset
1390 3335 1449 3404 ipso
1465 3335 1525 3402 jore
1543 3333 1692 3386 dominium
1707 3335 1871 3396 restituentes
1885 3336 2018 3388 amiretdtt

1190 3414 1270 3467 enim
1288 3419 1482 3473 couversatione
1502 3433 1578 3471 oecon
1589 3417 1716 3487 requisita
1729 3417 1817 3470 donat.
1831 3419 1947 3472 Donasse
1956 3414 2033 3474 ,rern'

1199 3498 1336 3556 baberetur
1353 3501 1487 3556 umieutdli
1505 3503 1709 3568 consternatione,
1727 3502 1751 3554 ei
1770 3516 1813 3554 res
1824 3503 1883 3570 :iam
1897 3503 2017 3566 domtuio

1193 3583 1284 3652 ipsius
1301 3587 1429 3654 restituta,
1453 3588 1592 3642 donatario
1609 3589 1717 3642 rediret.

1229 3665 1253 3739 fi.
1271 3671 1303 3722 il.
1322 3673 1475 3743 Quaeritur,
1495 3690 1528 3728 an
1548 3677 1616 3726 tosa
1634 3673 1783 3739 sociorum,
1803 3672 1948 3743 inquibus
1968 3690 2013 3725 ro·

1195 3753 1301 3810 luerunt
1320 3767 1350 3809 nt
1367 3757 1525 3810 consisteret
1543 3758 1714 3825 communio,
1733 3755 1791 3828 ipso
1815 3759 1872 3826 iure
1902 3758 2015 3812 iosiuem

1194 3839 1370 3906 ecquis-antur,
1388 3857 1422 3894 an
1439 3857 1505 3912 opus
1524 3842 1568 3906 eit,
1588 3853 1615 3894 ut
1635 3843 1722 3895 socius
1734 3841 1804 3896 socio
1817 3858 1873 3895 rem
1886 3842 1940 3895 sibi
1956 3855 2019 3896 eute

1194 3923 1351 3992 requisitam
1370 3924 1472 3981 troisti
1492 3928 1627 3998 desponsi.
1649 3927 1772 3999 Dupliois
1792 3929 1837 3982 ilie
1856 3929 1924 3980 boue
1942 3937 2015 3986 eunti

1195 4009 1234 4062 set
1263 4027 1330 4078 quse
1365 4013 1493 4065 melorum
1524 4024 1584 4067 suot
1613 4029 1671 4066 coru
1703 4011 1787 4065 initur
1817 4012 1946 4073 societes,
1976 4013 2017 4063 rei

1195 4109 1261 4159 quse
1278 4093 1348 4148 socio
1365 4095 1491 4164 acquisita
1513 4094 1586 4150 inito
1603 4097 1663 4166 iona
1682 4094 1819 4148 societate:
1837 4093 1905 4164 qnod
1927 4096 2016 4164 priora

1196 4175 1308 4240 attinet,
1327 4176 1344 4226 l.
1358 4177 1384 4233 1.
1402 4183 1423 4237 i.
1438 4175 1496 4246 fin.
1520 4187 1545 4230 et
1562 4178 1580 4229 l.
1603 4193 1677 4248 sequ.
1692 4176 1733 4246 ff.
1750 4195 1801 4245 pro
1819 4180 1897 4231 socio
1916 4177 2013 4232 iisdem

1196 4260 1303 4328 scripta,
1323 4257 1412 4328 ibique
1430 4259 1492 4314 haec
1510 4261 1606 4314 res-bes
1625 4263 1655 4314 in
1667 4264 1795 4316 societate
1817 4260 1939 4316 omnium
1961 4263 2013 4316 bo·

1193 4355 1300 4405 reorum,
1312 4359 1407 4395 omnes
1420 4359 1463 4396 rer
1471 4361 1542 4413 pune
1553 4349 1707 4402 coeuntium
1719 4348 1926 4412 sunr,conu'nen
1938 4363 2014 4400 com·

1194 4429 1377 4480 monebantur.
1391 4425 1517 4500 Sequitur
1530 4427 1551 4482 i.
1565 4429 1589 4480 t.
1607 4429 1679 4496 Quia
1693 4429 1754 4482 ls'cer
1767 4429 1914 4498 specialiter
1927 4431 2015 4483 trudi-

324 4507 350 4548 el
367 4499 479 4565 merli,
497 4501 570 4569 qimid
585 4501 645 4554 sine
659 4502 814 4571 'Cujulqttttm
821 4501 903 4571 sileio
922 4505 1072 4558 revertitur·
1087 4505 1137 4560 sed
1191 4515 1229 4568 11⁹0
1243 4531 1300 4566 mm
1313 4512 1580 4578 intemnp'at,120iifl
1595 4521 1692 4566 damen
1702 4509 1827 4566 creditus·
1844 4513 2015 4570 indemni&

317 4583 523 4649 ueroquoniem
542 4598 670 4636 reumont
690 4586 804 4656 aliquem
823 4587 950 4654 dicimus,
970 4591 1030 4645 licet
1058 4601 1159 4645 curru*
1193 4598 1286 4668 ttgitur
1304 4597 1411 4668 quidem
1430 4601 1456 4654 sl.
1475 4595 1499 4670 s.
1520 4596 1570 4666 fita·
1597 4594 1631 4650 de
1647 4597 1773 4650 societate
1789 4596 1910 4650 omnious
1931 4596 2014 4650 berno.

318 4665 456 4734 ,rtltrctttu
473 4683 507 4721 ex
518 4667 605 4721 ,serbo
624 4668 676 4722 isto
689 4681 841 4736 revertatur,
854 4682 953 4728 temere
967 4675 1033 4728 milti
1047 4677 1155 4747 rideo,
1193 4699 1266 4747 rom,
1284 4681 1329 4736 sed
1346 4683 1469 4755 qnoniam
1488 4682 1649 4735 diversitatis
1669 4681 1735 4734 ratio
1754 4679 1824 4735 trulla
1844 4679 1902 4734 dsri
1917 4689 2013 4752 potest,

323 4760 364 4802 tur
381 4754 536 4818 astruxisse,
556 4769 611 4806 rem
637 4751 758 4806 dunstatus
783 4757 880 4828 absque
904 4757 978 4810 dacto
1011 4750 1155 4814 donatarii
1192 4784 1237 4820 eor
1256 4785 1309 4823 non
1329 4767 1399 4822 idem
1416 4768 1537 4821 obiissse
1553 4766 1639 4837 quoad
1658 4765 1763 4818 modom
1783 4765 1902 4818 innomi
1925 4765 2012 4820 ὼωῑ.

321 4835 485 4888 restituentis
518 4852 662 4890 rerersaro.
689 4840 795 4893 Dicitur
819 4855 948 4912 presteras
973 4855 1140 4914 revertatur,
1193 4851 1231 4903 nii
1250 4851 1575 4922 remon,·particotrrem
1600 4850 1749 4904 societetera
1772 4849 2009 4916 constituentium,

316 4919 400 4970 ΨΜ
418 4919 446 4970 ⁵¹¹
466 4918 583 4972 summm
605 4929 706 4992 ¹⁸¹⁰i¹¹¹⁸
731 4921 841 4978 directo.
871 4927 902 4979 Si
931 4927 1054 4983 dontinus
1082 4947 1142 4987 mor
1192 4953 1257 5008 quse
1275 4937 1315 4990 ibi
1334 4941 1508 5000 senoinotnr,
1526 4935 1678 5006 particuleri
1696 4953 1799 5006 qnoque
1817 4935 1935 4991 societeti
1959 4947 2013 4993 ete-

321 5000 441 5056 redditus
458 5001 553 5056 inisset
572 5018 701 5064 momento
720 5006 865 5067 liberorum
885 5020 1030 5080 natorum,
1056 5015 1142 5068 elisis·
1195 5020 2011 5090 tuta.eetisends·verbispraeterea,quoeeeeunriumeonr‘,

318 5097 381 5142 rent
397 5087 481 5158 impp.
498 5103 638 5142 reuersum
656 5107 784 5144 eruerem
805 5093 942 5148 donatam.
962 5095 1017 5151 Nec
1041 5111 1141 5170 praete·
1192 5105 1320 5168 clarescit,
1337 5105 1372 5158 de
1389 5105 1474 5168 bouis,
1494 5121 1559 5174 quse
1577 5113 1694 5176 tempore
1711 5103 1793 5158 initae
1811 5105 1944 5160 rescieratis
1956 5107 2009 5174 iant

320 5184 364 5220 ’θ’
384 5169 444 5240 ¹9⁸⁰
462 5173 518 5239 lum
536 5173 685 5227 d⁰¹¹¹⁵⁰i¹¹¹²
706 5175 820 5242 ”imis
849 5178 925 5232 ‘trini
951 5192 1061 5249 posset,
1080 5184 1161 5254 licet,
1192 5188 1318 5258 acquisita
1338 5199 1426 5253 erant,
1446 5188 1485 5240 ibi
1505 5193 1626 5242 tracturi.
1645 5187 1782 5242 Caeterum
1804 5189 1831 5242 d.
1856 5189 1875 5241 t.
1901 5189 1926 5240 b.
1953 5207 2010 5259 per·

322 5271 409 5307 seram
427 5255 455 5308 d.
471 5257 489 5308 l.
507 5257 534 5308 8.
552 5257 683 5312 rationem
710 5257 848 5313 dediceodi
870 5277 930 5316 esse
946 5265 1021 5333 qussi
1039 5279 1142 5320 contro·
1192 5271 1282 5340 spicue
1299 5281 1412 5334 testetur,
1431 5269 1579 5328 dominium
1599 5289 1651 5326 uon
1670 5271 1729 5343 ipso
1744 5275 1802 5342 juro
1819 5273 2009 5326 communicari

321 5349 389 5390 etum
408 5343 718 5412 superiosespiicstom.
744 5345 812 5400 Nem
840 5347 879 5400 uti
909 5347 1058 5408 dominium
1091 5371 1142 5408 non
1191 5353 1244 5407 diei
1264 5372 1350 5426 posse·
1370 5356 1437 5410 [ient
1456 5354 1538 5410 refert
1556 5355 1620 5409 illud
1640 5357 1819 5423 intervenisse,
1837 5374 1935 5428 nempe
1952 5367 2009 5412 tro·

322 5421 417 5476 transit
435 5424 533 5494 absque
551 5427 709 5492 traditione,
728 5428 751 5481 si
776 5443 931 5487 conuentum
958 5445 988 5486 ut
1012 5451 1054 5488 res
1077 5431 1163 5492 olte-¹
1191 5439 1332 5506 ditionem,
1350 5439 1460 5511 quodsi
1479 5441 1690 5505 normandorum
1708 5443 1766 5509 jore
1783 5442 1842 5512 ipso
1860 5441 2007 5496 dominium

322 5502 379 5554 ”3¹¹⁸
396 5505 446 5568 'ils
464 5504 502 5560 ita
521 5527 569 5562 ¹¹00
587 5521 663 5577 2⁰⁰⁰,
682 5513 727 5565 ubi
752 5515 888 5586 praedicto
912 5517 986 5586 qussi
1014 5531 1141 5576 contracto
1193 5523 1344 5575 translatum
1363 5521 1474 5588 dicitnr,
1496 5521 1540 5576 sed
1559 5521 1629 5578 iacto
1652 5525 1718 5592 juris
1743 5523 1841 5578 subditi
1868 5525 2010 5592 estrajudi-

322 5590 521 5656 l‘fffll'i'lmiltt
538 5607 708 5660 Querulum,
727 5606 756 5648 ut
775 5599 1020 5669 superuenientibus
1050 5602 1142 5658 liboris
1192 5605 1272 5659 cicli.
1291 5607 1370 5659 iuret
1388 5604 1479 5658 suitem
1498 5605 1644 5675 dispicere,
1662 5623 1694 5660 er
1714 5609 1809 5678 quibus
1835 5611 1920 5663 causis
1943 5625 2008 5663 eos·

317 5686 364 5736 ros
384 5683 537 5732 revertatur.
552 5677 1142 5754 [deumqueigitnsargunentnmsatiscom·
1190 5691 1288 5758 jectare
1303 5687 1390 5754 lineet,
1410 5687 1565 5743 traditionis
1593 5701 1620 5744 et
1644 5693 1807 5764 acceptionis
1837 5693 2009 5752 intersertos
