4446 6220
9 279 14 316 ι
208 281 260 335 ιιι
397 227 402 232 ’
495 245 535 264 ”
696 247 1293 344 ntsopoouruusosmum.
1737 300 1805 358 m

153 377 212 434 eim
231 383 281 446 jero
301 385 375 444 petre
394 372 518 446 dominus
535 372 665 426 bonorum
685 373 796 428 istorum
817 383 870 426 eret
890 368 975 423 fliius·
1030 370 1131 423 iniends
1151 369 1214 432 erit,
1233 370 1293 422 iicet
1313 369 1380 422 tttot
1401 378 1506 426 testator
1523 357 1580 428 nnn
1608 373 1731 447 iusserit,
1749 396 1775 437 et
1794 404 1858 456 quo.

155 463 241 518 ismii.
260 459 394 533 Respond.
411 460 557 529 improprie
572 457 756 510 hoereditatem
770 458 893 526 eppeiiusi
907 456 976 522 quod
1031 455 1101 505 ninus
1121 453 1225 504 debitae
1245 455 1376 524 portionis
1395 455 1493 526 integre
1517 462 1623 515 reiiotio
1648 477 1686 518 est
1709 478 1780 523 notos
1797 471 1859 524 sub-

156 546 269 616 scrpsirie
286 541 358 594 fitius
378 543 422 592 teii
442 559 520 607 essu,
540 542 574 594 uti
594 551 701 612 epperei
718 541 745 594 d.
760 547 781 605 ς.
796 542 854 615 ³·j·
868 543 899 594 de
912 542 977 591 itae·
1032 539 1078 588 diti
1099 539 1167 603 juris
1186 537 1405 604 rxtrujudicisiis,
1427 543 1562 608 sequitur,
1579 547 1648 615 quood
1668 547 1720 600 ubi
1740 551 1860 606 cunetae.

157 632 217 685 red.
233 647 306 700 qrsue
322 629 355 678 ab
373 627 460 678 intere.
491 645 495 650 ·
1032 613 1196 674 sstntu'oum
1222 625 1263 688 jus
1289 623 1372 675 senuit
1403 627 1645 695 complementum,
1666 633 1726 688 tteet
1751 646 1859 692 testetur

194 721 217 773 ς.
234 713 335 768 xviii.
355 708 541 780 qusritussn
556 721 716 762 successores
728 707 760 759 eb
771 706 898 761 intestito
913 704 974 767 eiii,
1033 724 1085 759 non
1103 707 1212 773 iusserit
1225 725 1275 776 qno
1295 707 1407 759 debitum
1427 710 1575 779 portionem
1596 711 1666 766 iiiius
1685 733 1855 790 consequere-

158 815 237 865 epssm
258 794 384 849 here-edes
397 795 568 866 sui,possim
583 795 634 846 dini
649 796 774 847 haeredes
793 795 909 849 existere
921 794 980 867 ipso
1035 801 1092 852 tur,
1112 799 1138 842 et
1164 789 1303 859 respicitur
1329 807 1433 843 cessans
1453 798 1583 849 testatoris
1606 800 1707 867 jussus,
1728 805 1853 874 sepiotio·

159 878 238 949 jurei
259 876 396 949 Respond.
412 895 454 948 pr.
465 877 491 948 j.
508 879 548 930 de.
567 878 638 946 iegit-
663 889 754 946 ssgssnt.
780 893 889 932 setoress.
908 899 944 934 en
962 881 981 934 i.
1036 892 1094 926 nrm
1116 874 1175 942 ipso
1195 876 1250 940 jnse
1268 869 1327 926 fitto
1345 873 1436 928 deberi
1456 878 1508 930 diei
1530 885 1621 950 possit.

159 969 226 1022 ΧΗ.
243 967 313 1020 soit.
332 965 434 1030 eunetis
451 961 551 1016 deferri
571 961 772 1025 haereditaten,
794 957 981 1016 definientibus
1069 963 1091 1018 §-
1109 957 1193 1009 ΧΧΙῙ·
1212 958 1323 1026 Quentio
1341 959 1447 1028 iegitum
1467 959 1515 1014 sub
1535 966 1688 1020 conditione
1705 981 1747 1025 snt
1765 989 1799 1026 ex
1811 973 1856 1026 die

163 1051 235 1116 iilis,
262 1051 307 1120 qni
332 1059 374 1100 ent
397 1047 442 1100 sui
465 1057 542 1110 sunt,
568 1059 609 1098 ent
627 1063 692 1116 qssos
718 1047 921 1098 rossstitutiones
942 1047 982 1100 sel
1037 1053 1088 1104 est,
1109 1041 1199 1093 haeses
1226 1042 1360 1110 legatoriis
1387 1045 1567 1116 obstringitur
1591 1051 1622 1102 ut
1650 1053 1813 1123 motionem,
1832 1075 1860 1112 se

160 1146 267 1206 preetor
284 1133 378 1186 iisdem
399 1143 528 1196 recensete
543 1125 603 1199 ergo
623 1132 678 1198 iure
696 1129 815 1184 deiertur
833 1131 981 1186 naerottun
1006 1103 1010 1190 i
1034 1126 1079 1178 die
1096 1126 1230 1179 esenienie
1251 1137 1292 1179 snt
1310 1126 1564 1200 conditionesque
1577 1136 1774 1204 praestiturum.
1788 1141 1857 1211 on.

160 1221 209 1274 isne
225 1217 383 1287 eesneqnnd
403 1219 463 1288 ipso
480 1217 539 1282 iure
557 1213 769 1268 fierisiieeudum
789 1215 981 1282 sitietur,enm
1007 1195 1010 1266 i
1036 1211 1106 1262 niem
1131 1212 1230 1283 quippe
1255 1211 1341 1264 eidem
1375 1213 1487 1267 durente
1510 1219 1663 1272 mnditinue
1686 1224 1752 1278 hone
1777 1226 1858 1278 relin-

161 1303 270 1366 iteieeinr
287 1299 634 1372 respeotneeddeietiourm
656 1301 982 1372 heeresiitetis‚qnemjus
1033 1295 1136 1366 quentis
1156 1296 1365 1366 manumittas
1390 1300 1472 1366 iepets
1498 1304 1653 1358 exsoisensie
1680 1320 1780 1362 onustum
1800 1327 1859 1364 esse

160 1402 212 1436 non
233 1385 320 1454 ipsum
347 1379 516 1454 peregit,sed
536 1382 756 1452 rrqstieitosusiu
775 1382 875 1435 subditi
894 1396 983 1439 extsu·
1036 1381 1139 1432 ruinose
1162 1380 1218 1446 inre
1248 1381 1392 1448 legatariis,
1412 1383 1434 1435 si
1461 1385 1552 1440 heeres
1578 1386 1655 1440 bouis
1682 1393 1792 1448 iubetur.
1806 1397 1858 1449 sm

96 1529 97 1536 ἵ
159 1468 294 1536 jndioieii3
315 1469 365 1520 itoe
383 1479 420 1520 est
440 1465 540 1518 senetio
561 1467 720 1519 teetssnenti.
739 1466 791 1520 Sed
817 1483 876 1519 enm
896 1467 982 1520 nonsi-
1034 1466 1051 1518 i.
1076 1467 1098 1516 1.
1122 1463 1145 1529 §.
1168 1463 1282 1531 pen-ff.
1309 1474 1339 1517 nt
1361 1464 1443 1536 tegas.
1460 1471 1604 1522 santionem
1628 1475 1699 1526 iilam
1721 1495 1768 1548 pro
1787 1492 1859 1550 purte

162 1551 269 1604 deretur
286 1551 356 1622 qssosi
376 1567 427 1606 non
446 1553 504 1618 jure
521 1547 580 1614 fist,
600 1559 627 1602 ni
651 1552 752 1620 ugustis
778 1553 843 1606 hone
863 1553 981 1608 defuncti
1035 1546 1171 1608 diminui,
1189 1547 1211 1598 ’ἰ
1233 1549 1398 1615 postmodum
1427 1550 1485 1620 ipro
1510 1556 1567 1620 jure
1585 1555 1752 1612 diminuetur
1770 1561 1858 1617 heere·

165 1647 340 1706 quaerentur,
358 1636 405 1688 sed
429 1652 531 1688 esnssm
557 1651 614 1686 esse
636 1634 770 1701 deiuncti,
788 1638 834 1705 qui
859 1649 983 1694 censetur
1034 1631 1110 1682 (iiiu-
1131 1629 1182 1681 Sed
1208 1632 1312 1700 quondo
1337 1633 1396 1702 ipso
1421 1636 1479 1704 jore
1504 1636 1662 1693 diminuitur
1689 1642 1859 1699 haeredites?

163 1717 302 1782 desedisse,
325 1720 388 1771 sium
409 1732 516 1788 onustos
533 1734 568 1771 ee.
594 1721 757 1772 soeeesstoue
774 1738 825 1772 non
845 1721 982 1790 prohibuit
1034 1715 1099 1770 Puto
1117 1716 1262 1784 L'ipinnnm
1282 1735 1369 1770 resusn
1387 1721 1536 1790 respexisse
1560 1737 1731 1796 sequentems
1750 1727 1858 1784 fiducie·

161 1814 290 1858 ests-oneo
303 1803 441 1864 instituio,
455 1815 478 1856 et
491 1805 554 1856 dum
573 1819 632 1855 sssns
652 1805 710 1874 pius
729 1805 883 1858 sestimetur
894 1823 982 1858 umere
1034 1799 1090 1852 riu!
1101 1810 1201 1868 pestem
1215 1801 1384 1857 hsrreditstis
1397 1807 1587 1862 restttuemlens
1605 1811 1723 1880 possidet
1737 1815 1858 1886 osritque

161 1904 191 1940 se
210 1887 294 1950 eiius,
313 1904 367 1939 noo
387 1887 439 1956 ipsi
461 1887 512 1952 juri
532 1885 594 1938 isses
612 1888 739 1940 successio
759 1887 915 1956 isnputsnde.
1034 1883 1067 1938 de
1084 1879 1302 1964 fisieieosnsnisso.
1316 1885 1399 1958 (Nem
1419 1886 1451 1940 sui
1466 1891 1544 1959 istsjus
1563 1897 1746 1962 securitatem,
1760 1899 1799 1951 uti
1814 1919 1858 1970 pn·

200 1971 301 2034 extit
321 1971 478 2025 Sretionsl·
492 1971 607 2024 uentu·
618 1971 720 2040 prioris
736 1971 920 2040 disquisitum,
935 1991 981 2026 esu·
1035 1975 1069 2020 tet
1087 1967 1243 2022 erroneus
1262 1971 1348 2024 enutio
1365 1981 1394 2026 ut
1406 1971 1558 2040 tegatorom
1578 1985 1619 2028 est
1638 1977 1803 2054 introsinrte)
1815 1983 1858 2038 uie

166 2055 312 2116 isseresiites
330 2055 448 2116 directe,
467 2071 524 2106 enm
544 2051 806 2110 fideicommissnriee
822 2056 977 2125 opponitur,
1035 2060 1078 2102 snt
1092 2050 1248 2105 uenditione
1259 2054 1440 2108 evenientibus
1452 2053 1701 2115 iideionsnmisserin
1715 2065 1858 2120 restituen-

165 2137 224 2206 ipso
241 2140 299 2205 jure
316 2139 398 2189 delete
418 2137 535 2199 dicetur,
548 2147 573 2189 et
592 2155 765 2208 responsum,
779 2138 905 2191 rationem
919 2155 978 2208 pro-
1033 2135 1083 2196 do,
1102 2133 1146 2188 sed
1166 2151 1206 2188 res
1224 2138 1351 2206 queedssn
1372 2140 1503 2208 pendente
1521 2143 1625 2196 dieunt
1646 2148 1797 2204 contuitione
1812 2171 1856 2224 pe·

164 2223 283 2274 nnnsinis
301 2239 372 2280 esse.
391 2225 451 2294 quis
478 2221 647 2275 baereditatis
672 2220 788 2274 direotse
808 2223 849 2288 jus
867 2237 899 2274 ex
924 2225 980 2291 jure
1033 2227 1113 2270 renni
1133 2219 1233 2290 nisque
1250 2222 1328 2291 essipo
1348 2221 1488 2278 fidemierii.
1506 2227 1553 2280 Uii
1579 2239 1665 2284 sutem
1692 2233 1853 2302 diceremus,

161 2304 236 2357 oieiii
255 2305 402 2359 deseendit.
422 2303 700 2359 utttetoosoniseuise
726 2314 810 2355 entem
831 2322 847 2355 e
864 2317 981 2374 preetore
1034 2305 1077 2356 nbi
1095 2305 1159 2376 qnid
1180 2306 1340 2359 diminutum
1360 2309 1524 2379 ebiiin,qui
1543 2311 1746 2369 diminutionem
1768 2331 1854 2373 setun·

163 2389 352 2443 introductum.
364 2392 414 2444 Jns
430 2389 509 2442 eisiie
522 2401 605 2442 entem
620 2388 706 2459 ipsum
722 2388 761 2453 ius
778 2389 920 2459 eppeiieri,
934 2391 979 2441 ubi
1034 2398 1093 2454 set,
1111 2407 1171 2442 eum
1193 2407 1247 2443 rens
1268 2391 1356 2460 ipsum
1376 2393 1548 2460 diminuisse,
1567 2396 1590 2448 si
1608 2410 1793 2467 exusseretur,
1812 2405 1857 2458 ilie

162 2473 295 2544 prestus-io
313 2473 464 2544 opponitur.
482 2473 618 2526 Gestorum
637 2473 690 2526 eiie
709 2487 742 2524 ex
760 2473 978 2526 ntioneeeoeun
1033 2473 1077 2523 oni
1102 2471 1277 2542 prohibitum,
1307 2474 1344 2526 ite
1370 2475 1460 2530 eedem
1489 2479 1589 2532 rsiione
1611 2497 1756 2550 pronomen
1784 2486 1855 2539 istusi

161 2557 329 2628 pronominis
342 2558 458 2610 sies-iseri
471 2573 556 2626 posse,
570 2555 737 2627 postmodnm
752 2554 911 2610 monendum
925 2571 982 2609 esse
1024 2553 1089 2626 juri
1104 2557 1129 2608 d.
1148 2555 1204 2635 ¹1¹·
1222 2556 1306 2610 inisse
1322 2558 1472 2626 etijunetum
1492 2564 1646 2618 concludere
1665 2567 1774 2620 iicebit,
1786 2569 1854 2624 Nm

160 2644 293 2712 perspexi.
314 2643 425 2712 Quando
442 2643 512 2694 enim
533 2642 574 2709 jus
598 2636 871 2692 fideioommieserissn
890 2638 980 2692 issere-
1033 2657 1090 2692 oum
1108 2642 1158 2712 jus
1183 2645 1267 2694 sensit
1291 2637 1497 2697 diminutionem
1523 2647 1693 2702 heeresiitutis
1718 2647 1839 2705 fideioom

158 2727 268 2780 ditstrm
287 2724 535 2784 fideicommisserio
553 2725 752 2788 deteruntur
769 2724 840 2777 iseto
858 2725 978 2778 sdeuntis
1032 2723 1168 2776 misseriee
1188 2725 1259 2777 dieto
1278 2743 1343 2780 essu
1362 2729 1454 2782 cedere
1472 2729 1567 2784 demno
1592 2731 1851 2800 iisieicosumisssrii,

161 2808 373 2864 esurientius
394 2813 519 2866 direetssn
542 2809 643 2876 seiont,
658 2807 728 2862 ieeto
747 2810 797 2862 isto
814 2823 867 2860 non
885 2809 979 2862 utitor.
1032 2809 1096 2862 ittnt
1118 2807 1305 2882 ¹issereditstem
1325 2810 1514 2868 restituendam
1540 2815 1714 2883 diminuisse,
1733 2816 1787 2870 diei
1805 2836 1852 2890 po-

161 2897 260 2949 iieisito
279 2897 357 2966 igitur
375 2906 496 2966 respretu
514 2895 546 2947 ed
560 2894 714 2946 deletionem
729 2891 918 2958 (hseeoritur,
934 2893 978 2946 nisi
1033 2893 1105 2947 terit.

158 2969 366 3050 juneosnpeteie
385 2981 480 3051 insipit
499 2978 684 3032 hoereditatem
702 2975 831 3042 sdeundi)
850 2981 980 3046 qnemjns
1066 2984 1088 3040 ς.
1101 2977 1197 3030 xxttt.
1214 2976 1305 3032 Aetnen
1324 2977 1448 3034 haetenus
1467 2980 1499 3033 de
1519 2983 1576 3050 inre
1595 2982 1709 3036 dominii
1724 2984 1851 3056 pienieeia

160 3083 214 3119 non
227 3067 314 3136 ipsein
329 3066 446 3136 peregit,
460 3067 505 3120 sed
521 3064 592 3120 isoio
603 3065 725 3128 ulterius,
739 3063 869 3116 iideseiesii
885 3081 980 3137 nempe
1032 3077 1091 3126 mo,
1105 3061 1162 3132 ipso
1180 3062 1237 3129 jure
1254 3062 1426 3125 obveniente,
1444 3050 1543 3118 se'ttteet
1562 3083 1644 3136 usqne
1662 3068 1692 3118 ut
1710 3085 1850 3138 peregre.

160 3151 282 3203 esisuneis
300 3150 488 3204 hoereditetesn
502 3151 709 3213 restituendum,
724 3150 843 3218 seqnitur
861 3149 978 3202 hnesesii·
1027 3147 1111 3216 pisum
1125 3148 1168 3199 id.
1182 3147 1309 3201 deindoee
1324 3149 1366 3202 t't.
1377 3167 1458 3221 nsque
1476 3151 1508 3202 sd
1522 3151 1544 3218 ς.
1564 3151 1607 3203 22.
1625 3151 1774 3208 dominium
1794 3157 1852 3227 ipsu

161 3241 242 3286 tstesn
265 3233 340 3286 ittuo
362 3235 422 3302 ipen
440 3237 495 3301 iure
519 3235 631 3289 deletum
655 3235 707 3290 diei
735 3251 822 3306 posse,
840 3253 919 3306 quem
937 3239 978 3308 joe
1028 3235 1086 3301 jure
1100 3233 1254 3286 trsnsieturn
1268 3233 1431 3303 plenitudine
1444 3235 1558 3304 incoepit
1572 3237 1722 3308 disorspsre
1740 3259 1753 3293 e
1773 3242 1851 3312 prio·

167 3317 254 3386 ipsum
277 3315 365 3370 deiero
382 3317 459 3387 (soii.
479 3319 541 3372 dusn
561 3321 647 3372 ssnxit
665 3319 851 3374 isserediteteru
866 3321 921 3376 iilis
938 3339 980 3374 so·
1031 3318 1135 3370 roim
1153 3333 1265 3385 nemque
1278 3316 1568 3380 haerediteriusu,iieet
1583 3321 1681 3390 puriter
1698 3323 1794 3379 tribuet
1804 3323 1851 3376 dn·

161 3400 296 3454 insumodo
315 3402 450 3473 requisitis
468 3404 686 3457 nonensrentiisus
703 3404 777 3458 edire
797 3407 892 3475 posse)
910 3405 978 3460 isoto
1028 3400 1162 3464 minium,
1182 3401 1203 3452 ¹5
1223 3399 1313 3452 ”⁶²¹³
1332 3400 1434 3470 serim
1452 3399 1537 3455 fumi
1559 3401 1715 3465 definivisti:
1734 3419 1847 3460 ettamen

160 3481 267 3539 siterine
285 3503 337 3540 non
353 3488 504 3558 requisito,
520 3489 601 3543 nitere
614 3489 755 3542 deletionis
781 3489 868 3558 speeie
886 3491 975 3560 enqui-
1030 3487 1071 3551 jue
1084 3484 1154 3535 istud
1170 3482 1325 3537 ineooedit
1337 3483 1391 3552 juri
1405 3483 1518 3538 dominii
1533 3486 1609 3539 motio
1620 3487 1851 3556 singuiors'trsns·

159 3569 262 3624 siseres.
1031 3565 1095 3627 leti,
1112 3563 1181 3634 qssnd
1207 3565 1246 3616 iiii
1273 3565 1335 3618 tsiis
1355 3566 1510 3620 inisseresnt
1528 3569 1640 3635 merite,
1657 3569 1692 3624 ob
1709 3585 1773 3638 quse
1790 3570 1851 3638 quis

198 3661 220 3716 i.
241 3656 296 3708 XX·
316 3659 347 3710 L.
365 3657 393 3708 9.
406 3653 429 3727 ξ.
438 3655 480 3724 ff.
494 3657 528 3710 tie
544 3657 637 3710 liberis
654 3666 680 3709 et
693 3657 827 3728 posthum.
845 3659 977 3721 monitus,
1029 3650 1170 3706 interdicto
1182 3652 1347 3718 possessorio
1365 3653 1444 3706 istius
1457 3655 1538 3723 possit
1549 3653 1683 3723 experiri,
1697 3671 1726 3707 so
1738 3655 1784 3707 itte
1802 3659 1848 3726 qni

164 3737 187 3788 si
206 3737 266 3806 quis
285 3755 317 3791 ez
335 3755 378 3804 ee,
396 3757 462 3809 ques
479 3741 525 3792 eiii
545 3751 624 3810 nupto
644 3740 692 3804 sit,
706 3741 873 3809 posthumum
892 3745 978 3798 heere·
1030 3739 1086 3805 jure
1103 3737 1214 3790 dominii
1235 3737 1332 3790 nititur
1345 3737 1651 3792 animumanimum
1672 3738 1731 3790 iicet
1751 3753 1853 3808 semper

161 3820 221 3873 deus
242 3822 403 3887 instituerit,
425 3824 484 3893 ipso
500 3827 557 3896 jure
583 3839 635 3877 nno
655 3825 741 3876 seiere
763 3825 975 3890 iustitutionem,
1029 3821 1343 3891 suspensissimum
1363 3838 1511 3893 possessor,
1530 3823 1631 3876 etiamsi
1650 3826 1708 3893 jure
1725 3823 1797 3877 etsttt
1817 3825 1851 3877 esi

163 3905 225 3973 quis
245 3907 332 3976 tus-pis
349 3907 382 3959 sit
401 3909 452 3958 ists
471 3907 617 3960 institutio.
631 3908 797 3960 Puthetnm
818 3923 870 3961 nou
889 3925 973 3980 respe-
1031 3907 1210 3962 hoereditstesu
1230 3915 1349 3967 sooeiur,
1370 3916 1396 3958 et
1416 3907 1438 3959 si
1456 3921 1566 3976 compos
1584 3906 1692 3962 eredere
1711 3908 1795 3977 possit
1809 3907 1851 3958 in·

162 3987 234 4041 xiese
257 3990 303 4042 iseo
328 3992 383 4058 ispe
409 3989 440 4042 ed
464 3989 564 4043 {sotum
588 3990 656 4060 iuris
675 3991 794 4046 ministri
813 3991 936 4061 judieieie
956 3988 978 4047 s.'
1032 3991 1141 4043 ierdieti
1160 4007 1276 4061 pnorssss
1295 3989 1575 4053 bonorumesttsmeu
1594 3989 1849 4045 noneiiterendem
1898 4045 1905 4054 ,

160 4073 269 4141 judicis,
281 4093 332 4144 quo
353 4085 503 4127 teetsrnrnte
522 4073 661 4144 iiiegitisue
674 4083 784 4145 psopter
796 4075 977 4131 rescissionem
994 4061 997 4072 ’
1030 4075 1070 4128 nii
1084 4084 1187 4146 potest,
1200 4092 1276 4144 quern
1298 4082 1424 4145 qusienns
1444 4086 1482 4128 est
1498 4075 1625 4126 bonorum
1640 4091 1778 4140 possessor.
1794 4077 1851 4128 iioe

164 4157 196 4210 ed
216 4161 292 4211 telem
313 4159 464 4227 sedtpoeuu
480 4168 594 4221 stetum,
610 4176 663 4231 quo
676 4175 727 4211 nost
746 4160 861 4225 ssieeut3
880 4161 924 4212 sed
938 4178 977 4215 re·
1028 4161 1159 4228 unminpit
1175 4161 1197 4212 ei
1219 4173 1351 4229 possessos·
1375 4157 1547 4212 issereditstis
1566 4176 1616 4209 non
1647 4156 1780 4226 possident
1804 4179 1851 4230 pso

163 4241 253 4310 sperit
272 4241 359 4304 (libro
376 4241 471 4311 suique
495 4241 585 4294 seiinto
607 4242 726 4311 judicio)
743 4242 775 4294 sd
800 4240 894 4296 isetnrn
913 4247 978 4299 neti·
1031 4241 1157 4302 isserede,
1171 4257 1253 4310 neque
1266 4259 1313 4312 pro
1327 4256 1493 4310 possessore,
1509 4238 1554 4293 sesi
1573 4239 1679 4294 titulum
1693 4239 1785 4308 eiieget
1799 4241 1851 4294 siu-

161 4323 251 4377 sitstis
278 4325 425 4393 posthumi,
445 4343 496 4395 qsso
521 4325 619 4395 puriter
646 4335 800 4380 testsmmie
824 4343 876 4378 uon
896 4329 981 4382 seiere
1029 4325 1158 4396 guinnem,
1177 4327 1286 4394 quoius
1305 4316 1509 4377 isserediterinm
1530 4323 1581 4376 sibi
1601 4341 1648 4378 neo
1667 4334 1785 4392 arroget,
1804 4343 1852 4380 neo
1964 4341 1968 4346 '

162 4407 305 4476 inoipiunt.
329 4407 481 4460 Nutisitetis
504 4418 588 4460 temen
611 4417 697 4470 settis,
716 4407 782 4459 lieet
802 4411 980 4463 communiter
1030 4411 1106 4465 siteri
1124 4410 1235 4478 derogat.
1252 4411 1326 4464 Tssno
1344 4411 1416 4464 enim
1440 4409 1563 4480 quonism
1588 4412 1656 4464 niter
1673 4427 1726 4466 non
1745 4411 1803 4478 ogit
1822 4422 1850 4464 nt

160 4491 209 4542 sub
217 4489 294 4560 sorti
305 4488 441 4558 (merisne
453 4489 678 4559 estsejudioislis)
690 4489 798 4543 nomine
810 4507 861 4544 nou
879 4493 979 4554 reniet,
1031 4495 1148 4560 iona,
1167 4511 1211 4548 sen
1230 4503 1259 4546 ut
1278 4493 1364 4557 reiis,
1381 4493 1426 4563 qui
1445 4496 1503 4562 juse
1521 4494 1653 4564 prsetosio
1670 4511 1718 4561 pso
1735 4493 1850 4548 isserede

161 4571 260 4625 isotssm
283 4585 369 4625 temen
388 4583 443 4634 est,
456 4583 483 4626 et
501 4573 524 4627 si
535 4571 668 4646 jndioiois‘
679 4583 876 4642 opponeretur,
889 4585 977 4626 extre·
1033 4577 1144 4631 hebetur
1178 4577 1224 4629 sesi
1239 4575 1306 4629 eiius
1324 4577 1448 4630 dominns
1461 4587 1539 4630 utens
1554 4577 1590 4629 rei
1605 4577 1782 4629 sindieetiuns
1793 4577 1848 4630 siu·

160 4656 281 4725 judiciuin
295 4673 404 4724 quonue.
416 4657 491 4725 Quod
512 4673 588 4710 nesnn
605 4656 712 4726 quidem
732 4655 841 4721 feneret,
860 4657 904 4708 set
917 4674 981 4725 qno·
1028 4661 1126 4731 gulosi.
1145 4661 1164 4711 t.
1181 4661 1208 4712 t.
1225 4679 1247 4712 e.
1273 4658 1307 4712 de
1329 4659 1731 4731 peste.tsoereut.1.peu.c.tu
1758 4662 1851 4729 quidus

163 4741 234 4792 niun
254 4749 290 4792 tot
302 4741 420 4808 esempie
434 4738 511 4792 reims
531 4747 556 4792 et
574 4737 725 4804 referende,
737 4738 835 4809 quibus
845 4741 981 4809 oppositio
1029 4745 1117 4798 sensis
1133 4755 1218 4798 cesset
1235 4743 1313 4811 iungi
1326 4752 1404 4810 temp.
1414 4741 1570 4811 praescript.
1584 4739 1712 4810 Soqssitur
1725 4742 1844 4794 eumdem

162 4823 212 4875 ists
230 4823 367 4891 congruit,
387 4824 422 4875 nis
440 4825 547 4878 unicum
566 4840 661 4878 oneum
679 4822 817 4893 oppositio
835 4825 900 4888 s‘tto,
911 4827 983 4876 sister
1031 4827 1156 4880 remediis
1174 4827 1210 4879 uti
1229 4841 1280 4877 non
1300 4841 1391 4896 posse,
1408 4841 1473 4893 qme
1492 4821 1624 4890 Bonorum
1640 4823 1848 4893 possessoribus,

161 4910 250 4977 ipsum
270 4910 333 4981 jus,
352 4919 379 4962 et
397 4909 439 4970 id,
458 4906 532 4975 pund
541 4905 577 4976 fit
591 4909 674 4977 flecto
699 4908 907 4980 entrnjsuiieioii
922 4923 977 4963 non
1030 4913 1114 4980 ousiis
1126 4910 1237 4982 quilibet
1250 4910 1339 4963 inseres
1353 4924 1385 4961 ex
1403 4909 1567 4976 benignitete
1580 4907 1707 4976 presteris
1720 4924 1748 4960 se
1759 4923 1850 4976 gerere

161 4993 309 5061 respuendo
326 4991 395 5060 fisis.
420 4989 496 5058 Quod
523 5007 582 5044 uero
601 5001 687 5061 putem
706 4991 756 5044 hoe
775 4991 870 5042 isotum
891 5007 976 5058 respe·
1031 5008 1130 5067 potest,
1146 4995 1253 5048 inerunt
1271 4991 1381 5062 prodite.
1399 4991 1483 5060 igitur
1507 4993 1562 5058 jure
1584 4989 1669 5058 ipsios
1685 4989 1848 5042 sestimends

161 5076 232 5126 sisse
249 5077 351 5135 irtnsn,
367 5086 393 5126 et
411 5091 462 5126 nun
483 5072 574 5126 isetnm
596 5075 693 5139 iudicis
708 5075 899 5137 rescindeniis.
911 5078 978 5130 setin
1030 5097 1063 5132 ex
1081 5078 1240 5148 oompetenti
1254 5075 1293 5128 rei
1307 5074 1485 5127 rindirstione
1497 5074 1524 5126 in
1536 5073 1624 5139 speeie
1640 5075 1693 5126 uti.
1707 5075 1778 5126 Hero
1790 5089 1851 5126 sero

161 5161 292 5216 irrueret,
311 5157 370 5226 quis
390 5155 423 5208 sb
442 5157 489 5210 isto
509 5156 575 5210 tuoto
594 5169 651 5212 toto
669 5161 695 5212 ti.
716 5161 756 5213 tsi.
773 5171 800 5212 et
815 5177 859 5230 pr.
877 5160 902 5212 d.
919 5160 938 5211 t.
952 5161 977 5212 9.
1030 5181 1082 5218 non
1102 5163 1182 5234 pollet
1199 5159 1308 5221 etteetu,
1327 5169 1354 5212 nt
1372 5159 1428 5220 iiii,
1447 5159 1487 5210 rui
1507 5159 1571 5211 siies
1590 5157 1731 5226 competit,
1752 5155 1850 5225 isuper·

103 5280 105 5289 ·
162 5243 262 5296 dieitur
280 5251 461 5295 testamentum
481 5241 659 5312 rumpieteio
676 5259 729 5296 nun
748 5245 833 5298 seiere
850 5243 978 5316 incipere.
1030 5249 1080 5302 tire
1097 5247 1175 5298 ssiest
1193 5241 1338 5298 remedium
1365 5241 1576 5310 possessorium,
1596 5239 1613 5292 i.
1632 5257 1654 5293 e.
1674 5237 1844 5292 interdictum

195 5337 217 5391 ς.
237 5325 308 5380 xtit.
327 5327 357 5379 l.
373 5326 417 5376 36.
431 5341 467 5396 ps·
488 5342 510 5378 e.
523 5326 558 5377 sie
568 5325 718 5397 inoffiries.
729 5337 905 5394 testamento,
919 5329 978 5400 ipso
1030 5329 1101 5386 sende
1119 5333 1152 5382 si.
1164 5329 1229 5382 Nem
1248 5327 1297 5380 uos
1315 5324 1416 5378 nemini
1435 5324 1510 5376 detur
1531 5323 1583 5376 nisi
1605 5324 1727 5391 proximo
1746 5341 1848 5394 posses-

160 5415 217 5480 jnre
239 5407 395 5462 obstrictum
419 5425 477 5461 esse
501 5409 671 5464 roiseeredesu
697 5410 729 5465 ed
755 5413 900 5482 legitimesn
919 5429 977 5483 snp-
1029 5413 1081 5466 sort
1099 5429 1159 5468 sere
1184 5413 1247 5476 tsii,
1272 5408 1384 5462 undeet
1404 5405 1529 5475 praedoni
1549 5407 1626 5460 sistus
1644 5423 1705 5478 pree
1724 5405 1834 5460 domino
1883 5404 1950 5436 Δ·

160 5492 299 5564 plestdesu,
318 5491 341 5542 si
361 5497 461 5544 teninsn
487 5507 542 5547 non
560 5493 698 5559 retiutons,
716 5507 841 5566 quonium
860 5497 976 5564 legitime
1029 5497 1138 5567 Oportet
1155 5497 1234 5564 igitur
1251 5503 1280 5547 nt
1298 5493 1349 5560 juri
1364 5488 1541 5544 haereditario
1553 5491 1691 5542 secesserit
1705 5493 1814 5560 possess

161 5588 214 5631 eset
232 5577 250 5626 i·
270 5591 293 5629 e·
312 5575 333 5626 ei
354 5591 413 5628 num
433 5577 510 5630 teuto
528 5594 588 5647 pers
607 5577 763 5643 deberetur,
780 5580 910 5649 qusdrens
922 5579 973 5631 ssi·
1030 5581 1072 5634 nis
1082 5579 1270 5650 sppseiseusio,
1283 5577 1305 5628 si
1320 5573 1440 5628 dominio
1451 5586 1483 5626 rx
1497 5575 1553 5640 jure
1568 5572 1687 5628 deinnoti
1700 5583 1758 5628 orto
1770 5593 1792 5646 qt

161 5670 224 5725 iesu,
243 5669 268 5712 et
285 5675 334 5727 pro
350 5658 398 5710 hoe
416 5657 512 5714 tostos
530 5681 543 5717 s
559 5671 679 5718 testetore
692 5664 813 5732 reiiottss,
826 5664 902 5718 uncie
921 5663 977 5733 utt·
1030 5667 1138 5720 rentium
1158 5667 1200 5734 jue
1219 5661 1360 5716 interdicti
1379 5659 1449 5714 unde
1467 5660 1501 5712 si·
1521 5659 1673 5730 Sequuntur
1689 5663 1742 5731 jem
1762 5659 1793 5712 dn

247 5743 346 5816 Stsyiss't'
368 5743 427 5801 Vei.
450 5743 483 5798 V.
1516 5743 1551 5796 iid
