4446 6220
258 271 318 326 sss
754 271 802 328 oe
819 272 865 328 so
885 273 1059 346 Qroorn
1079 269 1161 330 nso
1179 269 1286 340 inne,
1304 285 1365 330 asc.

208 369 288 428 ditati
306 370 425 428 assunt
444 369 593 426 dominium
612 369 652 424 rei
670 370 770 440 legatae
792 389 821 424 so
849 375 974 425 transisse
992 371 1022 436 ad
1076 373 1101 426 d.
1118 374 1159 426 tit.
1176 371 1241 443 §qi
1261 379 1379 444 poterat,
1399 369 1495 423 haeses
1513 385 1588 426 meus
1608 371 1718 427 tsosss
1731 387 1790 431 esto
1803 379 1893 436 sinere

206 454 370 526 legatarium.
388 456 497 514 Fateor,
515 452 580 522 iisset
599 453 715 526 putuisse
732 453 880 506 dominium
895 465 1025 510 momentu
1075 457 1189 514 nactos·
1213 455 1310 510 Tilinrn
1327 471 1433 508 suasere
1456 455 1533 510 iilam
1559 469 1632 520 rens,
1662 457 1764 531 siiiqne
1788 465 1894 523 liniare.

208 549 272 593 ente
291 537 478 592 haereditatem
497 538 594 590 aditam
617 537 758 600 transisse,
772 537 815 589 sed
829 537 951 608 quonium
968 537 987 588 l.
1000 537 1026 588 7.
1079 541 1188 596 Probas-i
1207 553 1289 592 autem
1310 556 1387 608 supra
1406 539 1429 604 §.
1448 539 1474 590 ’1.
1493 537 1576 592 instit.
1596 539 1652 612 Caj.
1672 545 1704 598 de
1723 545 1835 616 legatia,
1857 553 1893 601 ta.

208 627 230 686 ς,
248 621 272 674 5.
281 617 321 688 ff
340 623 373 675 de
385 622 459 676 dolo.
481 638 528 672 aec
547 637 599 674 nou
618 619 638 671 l.
656 620 700 672 86.
719 620 741 686 §.
760 621 785 670 2
795 616 837 688 ff
855 620 888 671 dc
906 623 985 690 legat.
1002 623 1026 673 1.
1078 638 1135 696 gato
1143 643 1192 696 per
1203 620 1313 676 rissendi
1333 621 1459 688 tundam,
1476 622 1589 676 transire
1600 623 1758 680 dominium.
1774 631 1896 684 validius

208 705 330 760 Domiuii
349 715 436 756 ortam
456 705 491 757 ni
510 701 584 758 odito
603 704 654 771 issu
680 701 839 758 haereditate
863 716 1010 776 computant
1019 743 1027 772 ,
1079 709 1143 764 forte
1163 707 1245 768 iilud,
1263 706 1330 776 qnod
1347 707 1458 776 praebet
1477 713 1499 768 ι.
1521 709 1545 761 i.
1566 707 1585 759 i.
1605 707 1659 778 Csji
1673 710 1698 763 d.
1711 723 1731 762 t.
1745 712 1789 766 uhi
1804 711 1900 768 statui

207 789 293 860 priori
313 789 392 854 ruodo
410 783 485 843 lictio
503 785 687 858 dispensanda.
709 787 748 838 De
765 807 813 858 qna
826 784 1027 843 lictioueomni·
1081 805 1136 860 tur,
1153 793 1235 848 licere
1248 791 1386 862 legatario,
1401 792 1512 862 legatum
1525 795 1719 850 vindicationis
1731 803 1839 868 propris
1854 820 1896 854 su·

207 869 309 941 isusqne
325 869 386 922 aliis
399 879 516 924 tractata
530 871 563 924 de
574 868 729 934 fictionibus
741 870 847 924 uberius
862 871 1028 926 slisessrrrndi
1079 879 1202 932 esuriisse
1220 893 1397 948 praesumere,
1417 894 1468 930 non
1488 889 1621 950 expectato
1641 879 1762 948 haerede,
1776 895 1900 938 notasster

206 956 310 1008 necatio
324 955 389 1008 mihi
405 953 576 1024 praebebitur.
590 955 656 1008 Natta
671 955 837 1028 obsequium,
858 960 1029 1014 Hostanen·
1078 961 1224 1015 sardismos·
1241 979 1297 1014 rem
1314 979 1366 1030 per
1384 962 1586 1016 vindicationem
1607 965 1727 1032 legniani
1747 966 1897 1038 legatarius

207 1057 246 1094 ao
256 1039 287 1091 ad
304 1049 440 1094 tractatum
463 1040 541 1092 istuis
560 1039 708 1092 adhortanti
720 1077 727 1102 ,
741 1040 872 1110 praestitit
886 1041 1027 1098 Alteserrn
1074 1049 1298 1116 praesumpserit,
1318 1064 1366 1100 nec
1378 1063 1428 1114 pro
1440 1059 1616 1118 praesumpto
1630 1050 1720 1120 iegato
1734 1051 1902 1106 adhaereatis·

207 1140 260 1176 non
273 1123 470 1178 executionem.
489 1123 627 1176 Caeterum
649 1123 713 1174 illud
733 1123 803 1194 quod
825 1124 948 1192 «lictum,
970 1131 1028 1196 ipso
1077 1142 1162 1201 potest
1180 1133 1346 1187 columniam
1365 1129 1513 1196 srsstiuere,
1532 1151 1582 1186 nec
1600 1134 1625 1186 si
1640 1136 1731 1187 atiena
1750 1133 1900 1204 ressuscit,

205 1209 264 1276 jure
283 1209 395 1262 transire
413 1207 562 1260 dominium
582 1208 619 1260 rei
639 1207 736 1276 legatae
755 1206 785 1258 sd
800 1208 965 1278 legatarium,
981 1211 1027 1268 dd.
1078 1233 1145 1284 qnae
1162 1215 1251 1284 legata
1270 1225 1324 1280 est,
1352 1214 1498 1286 legatarius
1525 1216 1576 1270 noc
1598 1218 1697 1284 poterit
1722 1220 1757 1274 ab
1781 1221 1896 1276 haerede

206 1291 356 1362 intelligunt
374 1291 406 1346 de
430 1294 513 1361 legato
538 1289 739 1348 vindicationis.
763 1291 864 1364 Negant
891 1293 923 1346 de
942 1297 1027 1364 legato
1077 1313 1200 1368 repetere.
1215 1301 1291 1371 Quod
1304 1319 1362 1352 ossus
1376 1303 1516 1372 teguopes
1529 1301 1743 1358 vindicationem
1755 1305 1897 1372 tributum,

208 1376 404 1430 damnationis.
419 1377 537 1446 Legatum
552 1375 739 1432 vindicationis
753 1375 832 1430 fiebat
846 1378 918 1431 hisce
930 1383 1025 1434 reslsis:
1076 1389 1228 1458 ademptum
1244 1389 1330 1454 teasto
1349 1402 1396 1456 per
1412 1385 1615 1442 damnationem
1635 1391 1806 1460 censendum,
1824 1395 1898 1462 quod

206 1461 412 1518 s'ttsasservsm
430 1461 548 1526 iibido,
572 1461 647 1529 Ῑθειιι
665 1463 704 1515 rel
722 1461 799 1520 iiiam
819 1480 876 1516 rem
888 1461 939 1518 stis·
947 1483 1024 1534 proe-
1076 1471 1246 1540 comprobant
1264 1470 1408 1541 irrisistis.
1426 1473 1449 1538 ς.
1477 1471 1504 1524 d.
1528 1471 1555 1524 d.
1580 1485 1600 1525 t.
1630 1473 1708 1543 Cujus
1736 1493 1788 1528 non
1815 1480 1894 1534 aliam

205 1567 297 1612 sante,
322 1549 404 1612 isaie,
429 1551 540 1604 vindisn.
569 1550 752 1604 Damnationis
778 1561 863 1603 autern
890 1551 973 1604 hisce:
997 1563 1026 1607 tu
1074 1559 1192 1624 conjecto
1210 1574 1330 1621 cansam,
1357 1573 1434 1625 quam
1453 1557 1520 1626 qnod
1540 1557 1687 1610 dominium
1708 1575 1761 1611 non
1782 1569 1896 1616 trasssest

209 1632 306 1690 haeres
332 1651 407 1688 niens
425 1635 466 1688 ilii
490 1637 542 1690 isoo
559 1637 611 1700 tiss,¹
629 1647 690 1700 aut,
710 1634 779 1688 iliad
795 1635 837 1688 iili
854 1633 889 1686 ab
909 1637 1025 1692 isoerede
1076 1640 1133 1710 ipso
1151 1643 1224 1708 jure,
1243 1641 1289 1692 sed
1309 1639 1414 1692 siemusu
1434 1637 1500 1694 iacto
1520 1640 1649 1692 tssssedts.
1676 1641 1774 1694 Verani
1793 1661 1856 1696 rum
1872 1653 1902 1712 p„

208 1739 267 1774 nseo
286 1721 350 1776 deri
360 1721 453 1792 iubeo.
474 1721 551 1774 attat
579 1731 634 1775 erat
661 1723 774 1791 legatum
799 1721 911 1782 ss'rundi
926 1723 1023 1788 modo,
1075 1726 1102 1778 2.
1120 1725 1184 1780 ιιιιι.
1204 1725 1300 1792 imper.
1325 1727 1359 1778 de
1383 1723 1479 1794 legatis
1503 1722 1647 1777 discrimen
1673 1735 1783 1794 quatuos
1807 1727 1901 1796 (uliud

207 1805 279 1860 aliud
296 1805 500 1874 praeceptiones.
520 1805 623 1876 Quibus
643 1821 675 1858 ex
693 1805 811 1878 Theoplp
830 1813 851 1869 ς.
870 1806 914 1858 nt.
932 1806 965 1862 de
979 1807 1022 1878 fi
1075 1810 1147 1864 enim
1166 1808 1198 1862 de
1218 1810 1303 1878 iegato
1329 1806 1479 1876 partitionis
1505 1805 1666 1859 Tareninus
1690 1808 1723 1862 de
1750 1822 1893 1880 exaequat.

209 1889 326 1946 deisona.
339 1890 446 1944 haered
465 1891 587 1959 quintum
607 1889 651 1944 dd.
668 1889 768 1945 addunt
787 1907 881 1962 nempe
899 1893 1024 1960 punitio·
1075 1897 1124 1964 leg.
1136 1913 1161 1948 c.
1172 1895 1198 1945 ι.
1212 1912 1240 1948 a.
1254 1895 1280 1944 2.
1299 1901 1326 1944 et
1338 1895 1383 1944 tt.
1397 1902 1423 1943 et
1435 1909 1508 1961 seqq.
1527 1893 1641 1963 astruit)
1654 1893 1730 1964 legati
1745 1898 1895 1965 specierum

210 1977 266 2042 nis,
284 1995 336 2046 quo
355 1992 415 2046 pass
432 1973 607 2028 tussedinis
626 1974 793 2045 relinquitur.
812 1975 936 2044 Legatum
954 1978 1024 2048 qnod
1076 1979 1221 2041 sublatum,
1239 1976 1372 2030 obsoletae
1390 1975 1429 2028 rei
1449 1974 1585 2030 doetrinae
1602 1993 1706 2047 operam
1722 1995 1815 2034 navare
1828 1985 1899 2036 ulte·

207 2060 316 2113 sistendi
331 2061 413 2114 modo
432 2058 567 2124 seniebat,
586 2062 671 2129 quoni
691 2059 740 2112 hoc
759 2060 855 2114 incidit
867 2079 926 2114 cum
942 2063 1026 2124 teano
1075 2063 1189 2128 riosem,
1208 2079 1261 2116 non
1274 2061 1392 2132 expedit.
1405 2059 1539 2114 Caeterum
1554 2059 1663 2116 clicctns
1678 2062 1792 2118 «laminii
1808 2079 1897 2124 trsoez·

207 2143 413 2208 vindicationis,
432 2153 456 2197 ιιι
477 2143 529 2194 dici
549 2143 650 2213 possit,
667 2143 814 2200 dominium
836 2147 949 2200 transire
968 2148 1025 2218 ipso
1074 2147 1159 2202 euntis
1178 2146 1238 2216 ipso
1256 2147 1313 2214 jure
1331 2156 1389 2210 est,
1407 2155 1432 2198 ut
1450 2154 1589 2214 antequam
1613 2159 1655 2202 res
1673 2147 1727 2216 ipsi
1745 2145 1827 2204 inerit
1846 2172 1893 2206 us-

205 2233 263 2300 jaee
302 2227 362 2298 qnia
382 2226 587 2282 vindicationem
606 2227 694 2283 eidem
714 2230 900 2298 comperiisse,
918 2247 951 2286 ea
964 2237 985 2292 ι.
1000 2232 1026 2282 7.
1077 2232 1169 2286 taralis
1188 2230 1362 2304 possessionis
1377 2245 1452 2281 eausa
1472 2230 1506 2282 als
1526 2229 1635 2282 haerede
1652 2223 1896 2296 tradita,tnoscea

209 2317 240 2366 J.
254 2313 315 2386 Caji
332 2312 364 2366 tie
381 2309 474 2380 legatis
491 2319 606 2396 apparet·
618 2309 674 2366 Nec
691 2321 744 2365 est:
764 2323 793 2364 ut
806 2314 866 2385 qnia
878 2314 957 2378 diest,
969 2325 1026 2370 tra·
1076 2325 1210 2382 tempore,
1229 2331 1281 2384 quo
1299 2312 1446 2366 domininus
1467 2311 1500 2364 ad
1520 2313 1605 2382 ipsum
1625 2315 1731 2368 transiit
1749 2317 1809 2386 ipso
1818 2323 1898 2390 iure,

209 2398 339 2454 ditionem
358 2395 430 2448 brari
452 2411 529 2449 mann
549 2395 727 2462 intervenire,
746 2397 791 2450 adsi
812 2398 901 2452 haeres
919 2399 1026 2468 jubetur
1077 2400 1180 2454 seilicet
1198 2397 1230 2450 ab
1248 2397 1319 2452 adita
1338 2396 1513 2462 haereditate,
1531 2399 1636 2452 cunctis
1659 2400 1774 2458 dominii
1788 2422 1892 2473 eosrsp..

208 2487 312 2548 sinere,
330 2483 400 2550 <hac
417 2479 613 2550 eerofisrnanla
628 2481 826 2550 relinquebatur
839 2481 888 2534 lanc
902 2482 1025 2551 legatum,
1076 2483 1157 2540 tentis
1175 2482 1314 2554 beneficiis
1327 2482 1455 2552 sinetur.
1479 2479 1580 2554 Nempe
1604 2483 1672 2554 qssod
1698 2487 1796 2555 pignus
1810 2507 1845 2544 ea
1860 2513 1898 2546 cs·

208 2569 247 2620 stt
268 2577 334 2638 patet
353 2582 385 2618 ea
404 2562 431 2616 d.
448 2566 471 2630 §.
489 2564 532 2634 7.)
549 2581 600 2631 quo
618 2563 676 2632 ipse
695 2563 835 2633 legatarius
855 2581 908 2618 resn
922 2567 1025 2636 capiat,
1077 2578 1192 2638 tempore
1210 2565 1352 2630 subsistat,
1370 2566 1440 2635 quod
1459 2575 1591 2635 competat
1609 2565 1647 2620 rei
1666 2567 1816 2642 vindicatio,
1829 2593 1891 2628 coss·

210 2652 290 2713 astae,
311 2661 336 2702 ut
356 2665 409 2702 nnn
427 2647 485 2716 ipso
496 2648 562 2720 jare
581 2647 630 2699 hoe
648 2647 721 2716 lrgsti
748 2665 829 2716 gersus
847 2649 968 2702 rideatur
984 2669 1027 2704 ses
1078 2651 1160 2706 dictio
1178 2649 1290 2715 surtias,
1315 2649 1388 2702 actio
1405 2648 1471 2718 legis
1489 2649 1610 2720 aquiliae.
1631 2652 1785 2722 Quaeritur,
1807 2673 1842 2715 an
1859 2675 1899 2712 ea·

208 2736 288 2808 quiri.
308 2731 446 2802 Respond.
471 2732 571 2800 jussum
595 2731 707 2802 quidem
732 2732 869 2786 haeredem
895 2734 951 2804 peti
976 2755 1027 2805 quo
1077 2743 1235 2804 eoternpore
1248 2730 1373 2801 usucapio
1392 2747 1441 2800 pro
1460 2731 1544 2800 legato
1555 2733 1702 2803 auspicium
1716 2734 1898 2810 habeatiAs.

208 2831 338 2885 susurret,
357 2819 403 2870 sed
422 2826 449 2870 et
467 2833 522 2870 resa
541 2817 616 2868 alteri
636 2817 699 2888 jons
727 2817 885 2885 acpitisitons
911 2819 1025 2890 aliquem
1067 2813 1245 2883 firmandam
1265 2815 1333 2866 iliud
1353 2815 1476 2879 siderum
1495 2833 1556 2868 narn
1581 2817 1604 2870 si
1631 2817 1756 2875 lsoeredia
1778 2823 1896 2880 aditione

208 2907 291 2976 juberi
312 2921 402 2976 prosse,
421 2919 473 2971 quo
493 2903 548 2954 tulli
569 2905 699 2971 patiatur,
712 2919 755 2954 sc.
773 2919 825 2971 quo
836 2904 924 2956 eidesn
936 2905 1028 2958 olatio·
1079 2909 1208 2964 retracta,
1226 2909 1253 2952 et
1271 2893 1328 2952 ficta
1348 2901 1528 2969 possessione,
1548 2920 1562 2953 a
1582 2912 1697 2972 tempore
1715 2907 1810 2960 mortis
1835 2927 1900 2964 nass..

208 3003 251 3061 gat
268 2988 403 3044 staturalis
421 2986 560 3057 possessio.
581 2987 638 3038 luso
646 2988 716 3040 clare
730 2986 757 3038 id
769 2987 938 3056 rnsssprolsaut
948 2989 1028 3044 rerba
1079 2983 1154 3054 “1³3⁰
1174 2982 1226 3052 litii
1247 2980 1379 3046 'miili
1398 2999 1444 3034 ⁶¹³¹·
1462 3001 1514 3036 ⁰⁰²¹
1535 2985 1604 3037 illem
1633 2987 1660 3038 in
1685 2989 1832 3058 legatorio,
1853 3008 1893 3046 re·-

210 3077 236 3130 d.
255 3083 276 3141 ς.
295 3077 320 3128 ¹1.
340 3077 373 3128 la
393 3091 446 3145 qao
466 3072 570 3140 legato,
588 3087 645 3123 nnn
663 3069 1027 3142 qnidamisnerealegotan'a
1082 3079 1160 3122 tracta
1178 3067 1312 3138 agnitione
1330 3064 1392 3120 fleto
1410 3068 1442 3120 ab
1459 3067 1528 3122 attis
1554 3071 1716 3126 haereditate
1741 3075 1902 3144 pessulisses

211 3179 283 3226 rena,
297 3157 468 3232 quaerelicto
480 3153 982 3222 estp'rsletssrtraslerc,sedsmds'eonti
992 3160 1028 3214 ie·-
1077 3150 1137 3206 Non
1157 3149 1261 3206 indocta
1281 3154 1360 3206 hacc:
1380 3169 1468 3209 serum
1488 3153 1576 3206 obstat
1597 3153 1705 3225 primo,
1723 3157 1793 3227 qnod
1812 3162 1896 3214 coati-

207 3245 318 3316 gatario
336 3260 392 3296 noa
410 3238 575 3309 permittitur
589 3237 742 3306 prodidere.
760 3238 800 3292 Ea
818 3241 907 3294 eadem
927 3243 1025 3296 ratione
1078 3237 1168 3290 nsastio
1193 3235 1365 3307 possessionis
1383 3234 1554 3306 requiraturr
1577 3245 1607 3288 es
1632 3247 1691 3304 est,
1715 3242 1739 3292 si
1757 3259 1771 3292 a
1791 3243 1898 3298 nemias

212 3333 230 3382 i.
249 3349 271 3384 e.
287 3329 349 3399 quia
361 3324 506 3380 vindicatio
516 3321 607 3384 datur,
621 3320 734 3390 tegsssss
747 3341 849 3395 qssoque
858 3324 1027 3398 praeceptio.
1078 3319 1208 3386 possessio
1224 3325 1347 3388 ooespsts
1365 3335 1380 3370 a
1398 3328 1483 3372 morte
1502 3317 1644 3374 testatoris·
1657 3319 1729 3374 nass
1743 3341 1821 3392 quarn
1842 3327 1901 3396 pais

212 3417 273 3478 aas,
293 3429 340 3482 pro
358 3409 444 3481 speeie
462 3405 541 3477 legati
559 3404 749 3462 vindicationis
775 3407 933 3460 hatseudusa.
959 3407 1026 3462 Nara
1078 3419 1151 3454 rouro
1170 3402 1331 3473 possessioni
1355 3402 1439 3464 alisia,
1465 3401 1527 3456 licet
1553 3403 1653 3470 injuste
1675 3409 1849 3476 successerit,
1868 3411 1902 3464 in

212 3506 233 3563 ς,
256 3491 595 3565 11‚d,1,3„a,·,00apoai,
617 3491 1028 3565 litptpnt‚1agiraa,paapm.
1079 3485 1217 3554 haeredem
1240 3487 1371 3558 possessio
1395 3485 1514 3546 telmon
1541 3503 1592 3540 non
1617 3489 1794 3544 contionatur.
1816 3493 1899 3562 Atqui

212 3583 360 3654 ceptionem
378 3577 467 3648 legari
480 3587 604 3647 possum,
622 3555 695 3648 gaad
712 3579 793 3629 atissa
808 3594 857 3646 par
870 3578 1028 3632 pradicatio.
1079 3571 1179 3624 rislensr
1197 3571 1333 3640 possessio
1347 3570 1384 3623 rei
1398 3571 1493 3638 lcgstse
1504 3572 1530 3622 in
1547 3570 1686 3624 haeredem
1698 3576 1827 3626 trsnshta.
1842 3578 1896 3630 ns-

212 3686 283 3721 um,
302 3667 331 3722 sq
351 3665 456 3718 „prm
476 3678 534 3726 m,
552 3677 612 3714 aum
631 3661 701 3714 „that
720 3659 791 3714 ,liat
808 3661 908 3725 ataui,
922 3679 1029 3731 praesu.
1078 3654 1174 3725 spond.
1193 3652 1339 3706 nesseden
1358 3653 1468 3724 quidem
1485 3655 1516 3706 in
1536 3659 1682 3708 usrarsteas
1703 3658 1903 3725 possessionem

213 3749 350 3810 mendum,
368 3765 411 3801 eas
428 3763 531 3817 quoqne
548 3745 641 3798 eadem
661 3745 762 3798 actione
781 3744 891 3815 petitas:
906 3745 952 3797 sed
966 3747 1029 3798 haec
1079 3735 1236 3802 ’vetellms
1255 3753 1308 3789 ⁰⁰¹²
1326 3753 1386 3790 '³³⁰
1400 3737 1426 3788 ⁵¹¹
1440 3736 1561 3803 civilem,
1580 3755 1647 3805 ‘1⁰⁸⁰
1662 3755 1699 3790 ⁶¹·
1713 3737 1804 3796 'aeliu
1821 3746 1903 3806 limi*

213 3835 297 3906 qnossl
316 3832 437 3887 effectum
458 3831 541 3901 ipsios
558 3828 626 3897 juris
643 3825 827 3882 transferentis
841 3827 1029 3900 hatatssajs
1080 3820 1192 3876 secans
1209 3821 1283 3874 enine
1299 3821 1471 3890 competentis
1485 3820 1597 3874 dominii
1612 3839 1665 3874 non
1679 3823 1838 3891 requiritur)
1852 3827 1898 3880 do·

213 3919 376 3987 legatarium.
403 3917 432 3970 lu
456 3915 519 3968 aliis
542 3911 693 3964 differentis
713 3911 780 3977 iuis,
799 3930 864 3980 qasae
882 3911 1028 3968 micrtnra
1081 3904 1161 3958 minii
1179 3915 1278 3958 domiti
1296 3906 1314 3958 l·-
1327 3901 1474 3974 issi-ff.
1487 3905 1521 3960 de
1533 3904 1606 3959 dots.
1618 3905 1637 3956 i.
1649 3903 1734 3972 80ιῇ
1745 3907 1829 3976 ngat.
1842 3910 1866 3960 2.
1879 3911 1906 3961 l.

1080 3987 1171 4058 ciffi
1185 3987 1317 4060 desuetis.
1337 3989 1451 4044 Cis-ileos
1467 3990 1749 4061 seropossessiooem,
1762 3993 1902 4049 nemiuem·

1081 4074 1131 4128 sihi
1150 4091 1292 4146 arrogasse,
1309 4075 1354 4128 hic
1371 4075 1527 4150 requiritur.
1546 4076 1664 4128 Proinde
1682 4077 1704 4128 si
1725 4078 1815 4132 haeres
1839 4096 1901 4135 rem

1080 4175 1137 4215 esse
1155 4162 1263 4231 legatam
1283 4156 1416 4215 inlicistns
1436 4159 1530 4222 inerit,
1548 4161 1609 4214 licet
1633 4161 1799 4228 postmodnm
1816 4181 1839 4218 ,a
1858 4166 1898 4216 le·

213 4005 275 4072 Cain
292 4005 331 4056 n'r.
349 4003 382 4056 de
398 4001 479 4070 leget.
495 4005 524 4050 el
541 3996 573 4048 ab
591 3995 705 4064 Ulpiano
722 3997 846 4062 carpens
862 3995 909 4048 sss·
924 3998 966 4050 tit.
982 3997 1027 4050 id.

216 4089 282 4139 hdsl.
304 4087 363 4138 hot.
380 4085 472 4136 ranas.
490 4081 516 4134 6.
533 4080 646 4153 conjece.
667 4082 691 4132 i.
704 4089 729 4133 et
743 4078 915 4148 Cujaeinsod
926 4082 1028 4153 Papia.

214 4172 232 4223 l.
249 4171 293 4222 8⁰.
303 4166 345 4238 ff.
362 4169 441 4236 legat.
460 4166 485 4218 ι.
504 4164 581 4234 Quod
599 4162 731 4218 veritatem
751 4163 830 4216 istius
841 4165 977 4235 opinionis
990 4177 1030 4218 at·

215 4255 280 4307 tinet
301 4252 358 4304 scil.
377 4249 457 4318 legati
476 4265 524 4318 pas
541 4245 746 4302 vindicationem
767 4248 825 4318 ipso
842 4251 901 4318 jure
920 4251 1030 4304 transla-

214 4347 270 4390 tum
289 4351 344 4388 esse
363 4333 527 4396 eleusinium,
545 4341 606 4400 puto
617 4327 811 4400 significatione
823 4332 941 4386 nominis
954 4353 1028 4388 easn·

214 4420 273 4472 dem
292 4417 403 4471 adstrui.
422 4415 486 4470 Naro
505 4415 648 4469 vindicatio
667 4432 718 4468 non
738 4419 867 4486 competit
885 4423 1031 4476 successori

212 4506 337 4574 singulari
357 4501 446 4574 (aiud
463 4499 535 4552 enisu
555 4500 584 4551 in
603 4499 760 4564 universali,
773 4501 835 4554 hisie
846 4501 945 4574 quippe
957 4521 1030 4557 rosn-

212 4600 302 4661 petere
313 4587 351 4640 rei
365 4584 580 4647 vindicationem,
595 4583 655 4638 licet
666 4585 704 4636 rei
719 4583 908 4639 haereditariae
923 4587 1033 4642 traditio

212 4675 264 4744 ipsi
283 4672 401 4726 noudum
422 4667 503 4731 laeta,
522 4665 641 4738 superius
659 4664 768 4718 memini
788 4680 831 4720 nae
848 4667 992 4738 probasse)
1004 4671 1026 4722 si

212 4757 297 4812 etstan
317 4773 360 4810 rea
377 4771 430 4808 non
451 4752 555 4807 tradita.
573 4750 652 4821 Queri
670 4767 734 4805 seen
743 4751 855 4820 legatum
868 4749 1026 4806 manase.

212 4843 256 4894 nis
274 4843 335 4912 ipso
351 4843 408 4906 iure
426 4855 480 4890 nnn
503 4836 691 4900 innatantes,
718 4851 770 4890 non
798 4835 849 4888 isto
872 4847 1027 4905 argumento

212 4939 273 4998 puto
290 4923 394 4996 psalteri
413 4937 504 4992 pesse,
521 4935 574 4989 qno
591 4918 635 4972 tt.
653 4929 775 4982 nhsntar,
802 4934 896 4989 nempe
920 4917 1027 4974 ιιιιιιιιι-

212 5005 578 5062 tionesninroleesedsrnnum
586 5002 666 5063 illins,
678 5002 724 5072 qui
738 5000 883 5056 «lanosum.
894 5003 1025 5054 Damnum

211 5109 271 5146 sero
290 5103 568 5162 praesupponereresn
585 5083 726 5158 preprium
755 5083 841 5150 Adeo,
862 5095 890 5138 ut
907 5100 966 5138 euos
988 5096 1025 5140 te-

213 5179 304 5230 statori
321 5178 363 5244 ins
380 5173 517 5245 permisit,
534 5169 660 5224 damnare
677 5169 832 5235 haereticis,
844 5171 886 5224 ,ad
906 5186 962 5224 reru
976 5172 1025 5224 aii·

210 5265 287 5330 qnam
302 5259 431 5329 legnaaio
442 5255 610 5320 tradendam,
622 5253 828 5310 condatentan
842 5253 891 5319 sit,
903 5272 966 5308 resu-
974 5267 1024 5308 tra·

212 5345 324 5397 dentiam
338 5343 456 5396 stomiaio
468 5339 588 5394 haeredis
600 5347 674 5394 antea
688 5338 915 5408 nemansensi
928 5339 1026 5394 exinde

1080 4247 1182 4318 astario
1199 4249 1292 4312 sistes,
1311 4245 1450 4317 possessio·
1466 4255 1550 4299 tamen
1569 4243 1686 4298 defuncti
1701 4263 1753 4299 non
1767 4245 1906 4317 proderit,

1081 4331 1127 4386 seri
1144 4352 1159 4386 s
1177 4342 1368 4402 snotempore,
1384 4349 1437 4400 qno
1456 4331 1510 4402 ipse
1524 4331 1686 4384 naturaliter
1699 4330 1801 4401 incepit
1814 4333 1900 4401 possi·

1081 4415 1160 4482 dere,
1179 4428 1282 4486 ternpus
1300 4415 1468 4484 usucapionis
1485 4409 1673 4483 atssploanslusn
1692 4414 1754 4468 erit·
1773 4413 1904 4468 Alterum·

1080 4501 1149 4570 qrsosl
1166 4501 1260 4569 ohstat,
1278 4502 1400 4566 estplicet
1420 4497 1568 4571 possedisse
1580 4499 1703 4552 habeatnr
1716 4497 1751 4552 ob
1764 4508 1900 4554 retronea.-

1082 4587 1183 4638 tiouem
1203 4605 1218 4638 a
1236 4595 1358 4655 ternpore
1371 4585 1458 4637 aditae
1483 4583 1668 4648 haereditatis,
1691 4591 1807 4637 attamen
1829 4587 1906 4637 nulls·

1080 4665 1169 4721 eihcit
1186 4669 1368 4732 retrotraotio,
1387 4679 1416 4720 nt
1434 4685 1476 4720 res
1496 4667 1598 4735 legata,
1618 4686 1638 4718 a·
1657 4671 1903 4736 temperamenta

1080 4751 1207 4806 habeatnr
1224 4747 1349 4823 poaiesss·
1369 4753 1425 4806 iise
1436 4752 1525 4815 enim,
1545 4751 1608 4802 taen
1625 4751 1687 4802 lieet
1700 4751 1907 4804 retrotraetione·

1078 4833 1206 4889 alitionis
1224 4853 1304 4905 nsque
1322 4834 1363 4887 ad-
1375 4847 1484 4904 tempus·
1498 4837 1604 4894 mostis,
1623 4849 1685 4887 ιιιιι
1695 4834 1805 4903 legatam
1830 4851 1897 4887 nise·

1078 4935 1155 4986 quarn
1175 4918 1324 4987 possedisse
1341 4919 1460 4972 hahetur.
1479 4917 1535 4970 Nee
1552 4918 1672 4988 legatarii
1696 4917 1901 4987 aguitie,s1ssia·

1078 5001 1167 5056 eadem
1188 5005 1221 5059 nd
1241 5002 1435 5057 haereditatem
1447 5003 1546 5057 aditam
1566 5003 1904 5066 sescenisnummis»

1077 5088 1138 5140 tatis
1155 5085 1240 5142 aditio
1251 5087 1443 5142 retrahaturad
1460 5097 1564 5157 ternpus
1576 5087 1681 5153 mortis,
1697 5085 1815 5138 habenda
1830 5095 1904 5139 nas·-

1076 5171 1251 5242 porensortis
1266 5175 1320 5241 jara
1338 5174 1478 5235 restitisse,
1495 5171 1669 5241 ejusdemque
1687 5169 1798 5223 suessos
1808 5172 1902 5221 conti-

1075 5253 1173 5309 assatio
1181 5256 1362 5324 possessionis,
1375 5255 1409 5306 sb
1422 5256 1475 5309 isto
1492 5265 1610 5326 tempore
1620 5253 1810 5307 aestimandus.
1823 5253 1900 5308 itam

1075 5337 1144 5408 qunti
1163 5339 1247 5392 aditio
1271 5340 1434 5402 retributum
1460 5347 1500 5392 est
1527 5338 1734 5392 tamassanus·
1750 5336 1892 5401 haeredis,

211 5439 361 5499 sequeretur
385 5427 453 5498 qnod
475 5441 592 5496 semper,
619 5425 663 5478 ulsi
688 5425 732 5476 lea
750 5426 871 5493 permisit
889 5423 1025 5480 dannan
1076 5441 1129 5478 non
1147 5425 1283 5494 legatarii,
1302 5423 1341 5476 uti
1360 5441 1392 5476 ea
1411 5422 1454 5476 dd.
1474 5423 1503 5474 ii.
1518 5421 1895 5493 pampiossemsgumentasili·

210 5513 366 5577 haeredem,
385 5511 412 5562 id
432 5529 482 5581 pro
499 5511 574 5579 siguo
591 5507 703 5562 dorninii
723 5507 761 5560 rei
780 5507 880 5578 legatae
899 5509 1027 5563 translati
1075 5517 1124 5564 eet.
1145 5509 1279 5562 Praeterea
1300 5524 1348 5560 nec
1366 5505 1528 5570 haereditas,
1547 5506 1671 5575 quiesci
1688 5507 1791 5574 tegnas
1803 5505 1898 5559 donn·

210 5595 239 5646 in
258 5595 394 5650 tssssstsss
414 5597 449 5648 sit
475 5593 630 5648 habendum.
659 5593 740 5660 itque
763 5593 808 5644 ehi
833 5593 893 5661 quis
918 5591 1025 5650 sinendi
1075 5605 1197 5658 na,ante
1209 5593 1307 5646 aditam
1322 5593 1637 5646 annttnsssssttsao.
1650 5592 1749 5647 dieitur
1759 5593 1897 5646 murensis·

211 5680 289 5735 nodo
307 5683 419 5752 temtum
438 5678 623 5750 relinquebat,
637 5675 740 5738 dicere,
758 5675 889 5734 referesne
906 5678 1021 5748 Ulpiano
1074 5677 1223 5749 pessedisse
1240 5677 1291 5732 isto
1308 5689 1435 5747 ternpore:
1453 5675 1528 5730 Nasu·
1541 5678 1718 5748 possessionis
1738 5675 1900 5732 hisarerlisss-
