<?xml version="1.0" encoding="UTF-8"?>
<!DOCTYPE html PUBLIC "-//W3C//DTD XHTML 1.0 Transitional//EN"
    "http://www.w3.org/TR/xhtml1/DTD/xhtml1-transitional.dtd">
<html xmlns="http://www.w3.org/1999/xhtml" xml:lang="en" lang="en">
 <head>
  <title>
</title>
<meta http-equiv="Content-Type" content="text/html;charset=utf-8" />
  <meta name='ocr-system' content='tesseract 3.04.00' />
  <meta name='ocr-capabilities' content='ocr_page ocr_carea ocr_par ocr_line ocrx_word'/>
</head>
<body>
  <div class='ocr_page' id='page_1' title='image "./samuelisstrykii03schogoog_0195.png"; bbox 0 0 4414 6220; ppageno 0'>
   <div class='ocr_carea' id='block_1_1' title="bbox 263 189 1862 268">
    <p class='ocr_par' dir='ltr' id='par_1_1' title="bbox 263 189 1862 268">
     <span class='ocr_line' id='line_1_1' title="bbox 263 189 1862 268; baseline 0.003 -26"><span class='ocrx_word' id='word_1_1' title='bbox 263 195 321 254; x_wconf 73' lang='lat' dir='ltr'>ens</span> <span class='ocrx_word' id='word_1_2' title='bbox 655 192 703 246; x_wconf 82' lang='lat' dir='ltr'>nn</span> <span class='ocrx_word' id='word_1_3' title='bbox 720 189 925 249; x_wconf 66' lang='lat' dir='ltr'>utriustri</span> <span class='ocrx_word' id='word_1_4' title='bbox 944 191 1077 254; x_wconf 77' lang='lat' dir='ltr'>noctua</span> <span class='ocrx_word' id='word_1_5' title='bbox 1098 191 1202 252; x_wconf 81' lang='lat' dir='ltr'>ntnct</span> <span class='ocrx_word' id='word_1_6' title='bbox 1222 192 1367 252; x_wconf 74' lang='lat' dir='ltr'>sturnis</span> <span class='ocrx_word' id='word_1_7' title='bbox 1387 213 1447 253; x_wconf 75' lang='lat' dir='ltr'>nc.</span> <span class='ocrx_word' id='word_1_8' title='bbox 1799 212 1862 268; x_wconf 59' lang='lat' dir='ltr'>m.</span> 
     </span>
    </p>
   </div>
   <div class='ocr_carea' id='block_1_2' title="bbox 168 287 2008 2390">
    <p class='ocr_par' dir='ltr' id='par_1_2' title="bbox 168 287 2008 2390">
     <span class='ocr_line' id='line_1_2' title="bbox 206 287 1878 380; baseline 0.004 -36"><span class='ocrx_word' id='word_1_9' title='bbox 206 288 360 355; x_wconf 79' lang='lat' dir='ltr'>eeraliberi</span> <span class='ocrx_word' id='word_1_10' title='bbox 378 287 518 356; x_wconf 62' lang='lat' dir='ltr'>hominm</span> <span class='ocrx_word' id='word_1_11' title='bbox 533 289 581 362; x_wconf 87' lang='lat' dir='ltr'>qui</span> <span class='ocrx_word' id='word_1_12' title='bbox 599 305 694 360; x_wconf 87' lang='lat' dir='ltr'>operas</span> <span class='ocrx_word' id='word_1_13' title='bbox 713 306 771 344; x_wconf 83' lang='lat' dir='ltr'>suas</span> <span class='ocrx_word' id='word_1_14' title='bbox 792 299 893 345; x_wconf 87' lang='lat' dir='ltr'>tantum</span> <span class='ocrx_word' id='word_1_15' title='bbox 915 307 1032 360; x_wconf 87' lang='lat' dir='ltr'>propre·</span> <span class='ocrx_word' id='word_1_16' title='bbox 1086 292 1189 348; x_wconf 77' lang='lat' dir='ltr'>nobilis</span> <span class='ocrx_word' id='word_1_17' title='bbox 1205 304 1282 360; x_wconf 81' lang='lat' dir='ltr'>sunt,</span> <span class='ocrx_word' id='word_1_18' title='bbox 1303 311 1401 349; x_wconf 84' lang='lat' dir='ltr'>annon</span> <span class='ocrx_word' id='word_1_19' title='bbox 1418 294 1448 350; x_wconf 87' lang='lat' dir='ltr'>in</span> <span class='ocrx_word' id='word_1_20' title='bbox 1466 295 1519 351; x_wconf 80' lang='lat' dir='ltr'>isos</span> <span class='ocrx_word' id='word_1_21' title='bbox 1535 299 1562 356; x_wconf 80' lang='lat' dir='ltr'>ri</span> <span class='ocrx_word' id='word_1_22' title='bbox 1578 301 1779 380; x_wconf 68' lang='lat' dir='ltr'>juve&#39;vdieee&#39;mts</span> <span class='ocrx_word' id='word_1_23' title='bbox 1804 308 1878 364; x_wconf 68' lang='lat' dir='ltr'>am</span> 
     </span>
     <span class='ocr_line' id='line_1_3' title="bbox 205 375 1913 457; baseline 0.004 -22"><span class='ocrx_word' id='word_1_24' title='bbox 205 381 245 435; x_wconf 83' lang='lat' dir='ltr'>tiu</span> <span class='ocrx_word' id='word_1_25' title='bbox 261 375 338 434; x_wconf 79' lang='lat' dir='ltr'>uobis</span> <span class='ocrx_word' id='word_1_26' title='bbox 353 375 484 432; x_wconf 61' lang='lat' dir='ltr'>meunt.</span> <span class='ocrx_word' id='word_1_27' title='bbox 504 375 581 446; x_wconf 62' lang='lat' dir='ltr'>Qud</span> <span class='ocrx_word' id='word_1_28' title='bbox 599 391 660 446; x_wconf 68' lang='lat' dir='ltr'>ereo</span> <span class='ocrx_word' id='word_1_29' title='bbox 675 375 745 444; x_wconf 89' lang='lat' dir='ltr'>juris</span> <span class='ocrx_word' id='word_1_30' title='bbox 763 375 862 444; x_wconf 86' lang='lat' dir='ltr'>alioqui</span> <span class='ocrx_word' id='word_1_31' title='bbox 882 377 950 432; x_wconf 90' lang='lat' dir='ltr'>inter</span> <span class='ocrx_word' id='word_1_32' title='bbox 965 377 1033 431; x_wconf 90' lang='lat' dir='ltr'>loea-</span> <span class='ocrx_word' id='word_1_33' title='bbox 1082 393 1134 436; x_wconf 79' lang='lat' dir='ltr'>nna</span> <span class='ocrx_word' id='word_1_34' title='bbox 1151 377 1221 446; x_wconf 68' lang='lat' dir='ltr'>idem</span> <span class='ocrx_word' id='word_1_35' title='bbox 1239 389 1359 434; x_wconf 81' lang='lat' dir='ltr'>statuere</span> <span class='ocrx_word' id='word_1_36' title='bbox 1374 382 1476 452; x_wconf 84' lang='lat' dir='ltr'>possit,</span> <span class='ocrx_word' id='word_1_37' title='bbox 1496 403 1577 452; x_wconf 81' lang='lat' dir='ltr'>quom</span> <span class='ocrx_word' id='word_1_38' title='bbox 1603 388 1633 440; x_wconf 84' lang='lat' dir='ltr'>iu</span> <span class='ocrx_word' id='word_1_39' title='bbox 1655 389 1791 457; x_wconf 69' lang='lat' dir='ltr'>saluum,</span> <span class='ocrx_word' id='word_1_40' title='bbox 1821 390 1913 452; x_wconf 61' lang='lat' dir='ltr'>obitu</span> 
     </span>
     <span class='ocr_line' id='line_1_4' title="bbox 205 458 1912 544; baseline 0.006 -26"><span class='ocrx_word' id='word_1_41' title='bbox 205 473 287 519; x_wconf 85' lang='lat' dir='ltr'>toran</span> <span class='ocrx_word' id='word_1_42' title='bbox 305 469 334 518; x_wconf 75' lang='lat' dir='ltr'>et</span> <span class='ocrx_word' id='word_1_43' title='bbox 351 458 541 518; x_wconf 77' lang='lat' dir='ltr'>conductorem·</span> <span class='ocrx_word' id='word_1_44' title='bbox 557 469 613 525; x_wconf 90' lang='lat' dir='ltr'>est,</span> <span class='ocrx_word' id='word_1_45' title='bbox 633 458 699 512; x_wconf 90' lang='lat' dir='ltr'>iilud</span> <span class='ocrx_word' id='word_1_46' title='bbox 724 477 826 530; x_wconf 91' lang='lat' dir='ltr'>quoqne</span> <span class='ocrx_word' id='word_1_47' title='bbox 851 458 921 514; x_wconf 88' lang='lat' dir='ltr'>iuter</span> <span class='ocrx_word' id='word_1_48' title='bbox 948 460 1033 514; x_wconf 84' lang='lat' dir='ltr'>douai·</span> <span class='ocrx_word' id='word_1_49' title='bbox 1083 459 1301 530; x_wconf 73' lang='lat' dir='ltr'>disquirendum,</span> <span class='ocrx_word' id='word_1_50' title='bbox 1318 465 1455 519; x_wconf 70' lang='lat' dir='ltr'>occasione</span> <span class='ocrx_word' id='word_1_51' title='bbox 1475 467 1552 522; x_wconf 92' lang='lat' dir='ltr'>nobis</span> <span class='ocrx_word' id='word_1_52' title='bbox 1571 471 1754 542; x_wconf 87' lang='lat' dir='ltr'>suppeditata,</span> <span class='ocrx_word' id='word_1_53' title='bbox 1786 475 1859 544; x_wconf 89' lang='lat' dir='ltr'>qnod</span> <span class='ocrx_word' id='word_1_54' title='bbox 1879 476 1912 531; x_wconf 93' lang='lat' dir='ltr'>in</span> 
     </span>
     <span class='ocr_line' id='line_1_5' title="bbox 206 544 1907 627; baseline 0.005 -25"><span class='ocrx_word' id='word_1_55' title='bbox 206 557 440 618; x_wconf 70' lang='lat' dir='ltr'>nmetsoesura</span> <span class='ocrx_word' id='word_1_56' title='bbox 460 545 634 613; x_wconf 70' lang='lat' dir='ltr'>bodiesnnma</span> <span class='ocrx_word' id='word_1_57' title='bbox 654 565 706 600; x_wconf 90' lang='lat' dir='ltr'>non</span> <span class='ocrx_word' id='word_1_58' title='bbox 736 549 795 620; x_wconf 88' lang='lat' dir='ltr'>plus</span> <span class='ocrx_word' id='word_1_59' title='bbox 824 551 910 616; x_wconf 85' lang='lat' dir='ltr'>neque</span> <span class='ocrx_word' id='word_1_60' title='bbox 935 549 1033 602; x_wconf 82' lang='lat' dir='ltr'>minna.</span> <span class='ocrx_word' id='word_1_61' title='bbox 1082 544 1170 602; x_wconf 78' lang='lat' dir='ltr'>vicino</span> <span class='ocrx_word' id='word_1_62' title='bbox 1188 547 1301 614; x_wconf 88' lang='lat' dir='ltr'>quodam</span> <span class='ocrx_word' id='word_1_63' title='bbox 1320 549 1415 603; x_wconf 89' lang='lat' dir='ltr'>ducatu</span> <span class='ocrx_word' id='word_1_64' title='bbox 1431 552 1484 619; x_wconf 89' lang='lat' dir='ltr'>jam</span> <span class='ocrx_word' id='word_1_65' title='bbox 1499 552 1569 607; x_wconf 92' lang='lat' dir='ltr'>inter</span> <span class='ocrx_word' id='word_1_66' title='bbox 1581 555 1769 627; x_wconf 90' lang='lat' dir='ltr'>principemet</span> <span class='ocrx_word' id='word_1_67' title='bbox 1781 557 1907 614; x_wconf 80' lang='lat' dir='ltr'>ordinem</span> 
     </span>
     <span class='ocr_line' id='line_1_6' title="bbox 205 629 1912 718; baseline 0.006 -34"><span class='ocrx_word' id='word_1_68' title='bbox 205 629 287 700; x_wconf 72' lang='lat' dir='ltr'>Ctajns</span> <span class='ocrx_word' id='word_1_69' title='bbox 304 632 413 700; x_wconf 62' lang='lat' dir='ltr'>segidae</span> <span class='ocrx_word' id='word_1_70' title='bbox 428 645 605 702; x_wconf 61' lang='lat' dir='ltr'>amnem,</span> <span class='ocrx_word' id='word_1_71' title='bbox 624 631 694 700; x_wconf 87' lang='lat' dir='ltr'>qnod</span> <span class='ocrx_word' id='word_1_72' title='bbox 713 630 791 687; x_wconf 69' lang='lat' dir='ltr'>siemi</span> <span class='ocrx_word' id='word_1_73' title='bbox 804 631 930 687; x_wconf 68' lang='lat' dir='ltr'>civilitate</span> <span class='ocrx_word' id='word_1_74' title='bbox 942 640 1033 685; x_wconf 81' lang='lat' dir='ltr'>mutua</span> <span class='ocrx_word' id='word_1_75' title='bbox 1084 645 1228 704; x_wconf 84' lang='lat' dir='ltr'>eqsrastrem</span> <span class='ocrx_word' id='word_1_76' title='bbox 1249 636 1295 690; x_wconf 82' lang='lat' dir='ltr'>itta</span> <span class='ocrx_word' id='word_1_77' title='bbox 1312 638 1490 692; x_wconf 78' lang='lat' dir='ltr'>controversia</span> <span class='ocrx_word' id='word_1_78' title='bbox 1508 641 1635 708; x_wconf 77' lang='lat' dir='ltr'>agitetur,</span> <span class='ocrx_word' id='word_1_79' title='bbox 1648 643 1693 696; x_wconf 89' lang='lat' dir='ltr'>nbi</span> <span class='ocrx_word' id='word_1_80' title='bbox 1707 643 1831 718; x_wconf 86' lang='lat' dir='ltr'>princeps</span> <span class='ocrx_word' id='word_1_81' title='bbox 1842 662 1912 700; x_wconf 78' lang='lat' dir='ltr'>con-</span> 
     </span>
     <span class='ocr_line' id='line_1_7' title="bbox 205 711 1909 790; baseline 0.009 -22"><span class='ocrx_word' id='word_1_82' title='bbox 205 713 261 768; x_wconf 86' lang='lat' dir='ltr'>sibi</span> <span class='ocrx_word' id='word_1_83' title='bbox 277 712 481 782; x_wconf 71' lang='lat' dir='ltr'>obstringuntur</span> <span class='ocrx_word' id='word_1_84' title='bbox 498 711 594 768; x_wconf 81' lang='lat' dir='ltr'>ineatur</span> <span class='ocrx_word' id='word_1_85' title='bbox 612 725 640 768; x_wconf 91' lang='lat' dir='ltr'>et</span> <span class='ocrx_word' id='word_1_86' title='bbox 651 714 812 782; x_wconf 74' lang='lat' dir='ltr'>mnductnr,</span> <span class='ocrx_word' id='word_1_87' title='bbox 824 714 861 766; x_wconf 85' lang='lat' dir='ltr'>ita</span> <span class='ocrx_word' id='word_1_88' title='bbox 873 731 975 783; x_wconf 78' lang='lat' dir='ltr'>quoque</span> <span class='ocrx_word' id='word_1_89' title='bbox 988 712 1034 766; x_wconf 76' lang='lat' dir='ltr'>du·</span> <span class='ocrx_word' id='word_1_90' title='bbox 1084 735 1184 776; x_wconf 77' lang='lat' dir='ltr'>cassura</span> <span class='ocrx_word' id='word_1_91' title='bbox 1202 721 1337 774; x_wconf 86' lang='lat' dir='ltr'>nobilibus</span> <span class='ocrx_word' id='word_1_92' title='bbox 1358 721 1572 790; x_wconf 79' lang='lat' dir='ltr'>iurisdictionem</span> <span class='ocrx_word' id='word_1_93' title='bbox 1598 735 1699 778; x_wconf 84' lang='lat' dir='ltr'>tantum</span> <span class='ocrx_word' id='word_1_94' title='bbox 1724 726 1759 780; x_wconf 89' lang='lat' dir='ltr'>ad</span> <span class='ocrx_word' id='word_1_95' title='bbox 1783 727 1909 783; x_wconf 88' lang='lat' dir='ltr'>sabditos</span> 
     </span>
     <span class='ocr_line' id='line_1_8' title="bbox 206 795 1911 882; baseline 0.008 -30"><span class='ocrx_word' id='word_1_96' title='bbox 206 797 297 852; x_wconf 83' lang='lat' dir='ltr'>minas</span> <span class='ocrx_word' id='word_1_97' title='bbox 315 808 345 866; x_wconf 44' lang='lat' dir='ltr'>et,</span> <span class='ocrx_word' id='word_1_98' title='bbox 358 813 456 852; x_wconf 79' lang='lat' dir='ltr'>senaa.</span> <span class='ocrx_word' id='word_1_99' title='bbox 469 799 526 850; x_wconf 87' lang='lat' dir='ltr'>iloc</span> <span class='ocrx_word' id='word_1_100' title='bbox 538 807 622 852; x_wconf 84' lang='lat' dir='ltr'>tameo</span> <span class='ocrx_word' id='word_1_101' title='bbox 638 798 807 852; x_wconf 85' lang='lat' dir='ltr'>discriminis</span> <span class='ocrx_word' id='word_1_102' title='bbox 820 807 950 863; x_wconf 76' lang='lat' dir='ltr'>remanet,</span> <span class='ocrx_word' id='word_1_103' title='bbox 964 795 1033 868; x_wconf 86' lang='lat' dir='ltr'>qnod</span> <span class='ocrx_word' id='word_1_104' title='bbox 1082 804 1182 871; x_wconf 85' lang='lat' dir='ltr'>juratos</span> <span class='ocrx_word' id='word_1_105' title='bbox 1200 803 1517 876; x_wconf 66' lang='lat' dir='ltr'>saffiiregescltworne</span> <span class='ocrx_word' id='word_1_106' title='bbox 1539 807 1728 866; x_wconf 78' lang='lat' dir='ltr'>Uacertlsonen</span> <span class='ocrx_word' id='word_1_107' title='bbox 1751 809 1911 882; x_wconf 81' lang='lat' dir='ltr'>pertinere,</span> 
     </span>
     <span class='ocr_line' id='line_1_9' title="bbox 203 879 1911 962; baseline 0.005 -22"><span class='ocrx_word' id='word_1_108' title='bbox 203 897 285 953; x_wconf 61' lang='grc' dir='ltr'>ομ·</span> <span class='ocrx_word' id='word_1_109' title='bbox 303 880 413 936; x_wconf 64' lang='lat' dir='ltr'>ductito</span> <span class='ocrx_word' id='word_1_110' title='bbox 431 881 517 934; x_wconf 69' lang='lat' dir='ltr'>ludria</span> <span class='ocrx_word' id='word_1_111' title='bbox 533 879 615 934; x_wconf 67' lang='lat' dir='ltr'>dmul</span> <span class='ocrx_word' id='word_1_112' title='bbox 633 883 762 951; x_wconf 78' lang='lat' dir='ltr'>respiciat</span> <span class='ocrx_word' id='word_1_113' title='bbox 782 899 874 954; x_wconf 74' lang='lat' dir='ltr'>operas</span> <span class='ocrx_word' id='word_1_114' title='bbox 899 881 1035 949; x_wconf 73' lang='lat' dir='ltr'>obsequis·</span> <span class='ocrx_word' id='word_1_115' title='bbox 1085 895 1112 940; x_wconf 91' lang='lat' dir='ltr'>et</span> <span class='ocrx_word' id='word_1_116' title='bbox 1130 887 1192 944; x_wconf 89' lang='lat' dir='ltr'>binc</span> <span class='ocrx_word' id='word_1_117' title='bbox 1211 889 1233 941; x_wconf 90' lang='lat' dir='ltr'>si</span> <span class='ocrx_word' id='word_1_118' title='bbox 1252 889 1372 944; x_wconf 86' lang='lat' dir='ltr'>ministri</span> <span class='ocrx_word' id='word_1_119' title='bbox 1389 890 1522 946; x_wconf 88' lang='lat' dir='ltr'>nobilinns</span> <span class='ocrx_word' id='word_1_120' title='bbox 1540 889 1663 946; x_wconf 89' lang='lat' dir='ltr'>conducti</span> <span class='ocrx_word' id='word_1_121' title='bbox 1678 895 1851 962; x_wconf 80' lang='lat' dir='ltr'>peccaverint,</span> <span class='ocrx_word' id='word_1_122' title='bbox 1863 913 1911 949; x_wconf 62' lang='lat' dir='ltr'>cos</span> 
     </span>
     <span class='ocr_line' id='line_1_10' title="bbox 205 961 1910 1044; baseline 0.008 -27"><span class='ocrx_word' id='word_1_123' title='bbox 205 962 254 1030; x_wconf 86' lang='lat' dir='ltr'>ies,</span> <span class='ocrx_word' id='word_1_124' title='bbox 271 979 325 1016; x_wconf 88' lang='lat' dir='ltr'>noc</span> <span class='ocrx_word' id='word_1_125' title='bbox 344 979 449 1033; x_wconf 87' lang='lat' dir='ltr'>semper</span> <span class='ocrx_word' id='word_1_126' title='bbox 467 962 584 1017; x_wconf 88' lang='lat' dir='ltr'>labrilcs.</span> <span class='ocrx_word' id='word_1_127' title='bbox 604 962 683 1020; x_wconf 81' lang='lat' dir='ltr'>cont.</span> <span class='ocrx_word' id='word_1_128' title='bbox 700 964 719 1044; x_wconf 77' lang='grc'>1.</span> <span class='ocrx_word' id='word_1_129' title='bbox 737 980 849 1032; x_wconf 82' lang='lat' dir='ltr'>operae·</span> <span class='ocrx_word' id='word_1_130' title='bbox 869 967 894 1018; x_wconf 81' lang='grc'><strong>9.</strong></span> <span class='ocrx_word' id='word_1_131' title='bbox 915 971 937 1028; x_wconf 76' lang='grc' dir='ltr'><strong>ς.</strong></span> <span class='ocrx_word' id='word_1_132' title='bbox 960 961 1035 1032; x_wconf 78' lang='lat' dir='ltr'>¹·ffi</span> <span class='ocrx_word' id='word_1_133' title='bbox 1083 968 1232 1036; x_wconf 75' lang='lat' dir='ltr'>gnitionesn</span> <span class='ocrx_word' id='word_1_134' title='bbox 1250 971 1283 1025; x_wconf 89' lang='lat' dir='ltr'>ad</span> <span class='ocrx_word' id='word_1_135' title='bbox 1302 971 1437 1043; x_wconf 82' lang='lat' dir='ltr'>principis</span> <span class='ocrx_word' id='word_1_136' title='bbox 1454 968 1573 1034; x_wconf 74' lang='lat' dir='ltr'>fiscalem</span> <span class='ocrx_word' id='word_1_137' title='bbox 1602 984 1736 1044; x_wconf 87' lang='lat' dir='ltr'>spectare,</span> <span class='ocrx_word' id='word_1_138' title='bbox 1762 977 1910 1031; x_wconf 84' lang='lat' dir='ltr'>contendit.</span> 
     </span>
     <span class='ocr_line' id='line_1_11' title="bbox 205 1047 1959 1132; baseline -0.002 -29"><span class='ocrx_word' id='word_1_139' title='bbox 205 1047 241 1103; x_wconf 72' lang='lat' dir='ltr'>eis</span> <span class='ocrx_word' id='word_1_140' title='bbox 257 1062 332 1118; x_wconf 80' lang='lat' dir='ltr'>oper.</span> <span class='ocrx_word' id='word_1_141' title='bbox 352 1047 439 1102; x_wconf 68' lang='lat' dir='ltr'>tuac</span> <span class='ocrx_word' id='word_1_142' title='bbox 457 1047 631 1117; x_wconf 81' lang='lat' dir='ltr'>Obsequislea</span> <span class='ocrx_word' id='word_1_143' title='bbox 650 1065 710 1105; x_wconf 88' lang='lat' dir='ltr'>sero</span> <span class='ocrx_word' id='word_1_144' title='bbox 729 1049 758 1102; x_wconf 92' lang='lat' dir='ltr'>in</span> <span class='ocrx_word' id='word_1_145' title='bbox 772 1049 918 1106; x_wconf 82' lang='lat' dir='ltr'>reverentia</span> <span class='ocrx_word' id='word_1_146' title='bbox 932 1063 1035 1118; x_wconf 88' lang='lat' dir='ltr'>qnoque</span> <span class='ocrx_word' id='word_1_147' title='bbox 1084 1049 1139 1118; x_wconf 77' lang='lat' dir='ltr'>ligo</span> <span class='ocrx_word' id='word_1_148' title='bbox 1157 1050 1373 1132; x_wconf 76' lang='lat' dir='ltr'>distinguendum</span> <span class='ocrx_word' id='word_1_149' title='bbox 1393 1066 1470 1126; x_wconf 82' lang='lat' dir='ltr'>pntn;</span> <span class='ocrx_word' id='word_1_150' title='bbox 1489 1073 1525 1110; x_wconf 90' lang='lat' dir='ltr'>an</span> <span class='ocrx_word' id='word_1_151' title='bbox 1541 1055 1670 1126; x_wconf 74' lang='lat' dir='ltr'>obligatio</span> <span class='ocrx_word' id='word_1_152' title='bbox 1693 1058 1823 1127; x_wconf 83' lang='lat' dir='ltr'>ejusmodi</span> <span class='ocrx_word' id='word_1_153' title='bbox 1849 1060 1903 1114; x_wconf 70' lang='lat' dir='ltr'>mi.</span> <span class='ocrx_word' id='word_1_154' title='bbox 1924 1068 1959 1120; x_wconf 64' lang='lat' dir='ltr'>qq</span> 
     </span>
     <span class='ocr_line' id='line_1_12' title="bbox 205 1131 2008 1210; baseline 0.006 -22"><span class='ocrx_word' id='word_1_155' title='bbox 205 1143 233 1194; x_wconf 85' lang='lat' dir='ltr'>et</span> <span class='ocrx_word' id='word_1_156' title='bbox 250 1132 360 1190; x_wconf 60' lang='lat' dir='ltr'>bonnis</span> <span class='ocrx_word' id='word_1_157' title='bbox 376 1132 544 1188; x_wconf 75' lang='lat' dir='ltr'>exhibitione</span> <span class='ocrx_word' id='word_1_158' title='bbox 563 1133 730 1198; x_wconf 80' lang='lat' dir='ltr'>consistunt,</span> <span class='ocrx_word' id='word_1_159' title='bbox 749 1143 779 1188; x_wconf 83' lang='lat' dir='ltr'>at</span> <span class='ocrx_word' id='word_1_160' title='bbox 796 1133 888 1194; x_wconf 82' lang='lat' dir='ltr'>adesse</span> <span class='ocrx_word' id='word_1_161' title='bbox 905 1131 1033 1196; x_wconf 80' lang='lat' dir='ltr'>dominu,</span> <span class='ocrx_word' id='word_1_162' title='bbox 1084 1133 1165 1186; x_wconf 83' lang='lat' dir='ltr'>nistri</span> <span class='ocrx_word' id='word_1_163' title='bbox 1178 1135 1333 1197; x_wconf 80' lang='lat' dir='ltr'>conductitii</span> <span class='ocrx_word' id='word_1_164' title='bbox 1347 1139 1528 1196; x_wconf 75' lang='lat' dir='ltr'>descendatur</span> <span class='ocrx_word' id='word_1_165' title='bbox 1542 1151 1698 1210; x_wconf 74' lang='lat' dir='ltr'>coturnosis,</span> <span class='ocrx_word' id='word_1_166' title='bbox 1711 1159 1787 1197; x_wconf 79' lang='lat' dir='ltr'>snex</span> <span class='ocrx_word' id='word_1_167' title='bbox 1800 1143 1909 1198; x_wconf 59' lang='lat' dir='ltr'>&amp;lectos</span> <span class='ocrx_word' id='word_1_168' title='bbox 2002 1147 2008 1152; x_wconf 82' lang='grc'><em>“</em></span> 
     </span>
     <span class='ocr_line' id='line_1_13' title="bbox 204 1213 1902 1297; baseline 0.006 -25"><span class='ocrx_word' id='word_1_169' title='bbox 204 1218 328 1273; x_wconf 69' lang='lat' dir='ltr'>undem</span> <span class='ocrx_word' id='word_1_170' title='bbox 345 1217 480 1275; x_wconf 77' lang='lat' dir='ltr'>canturi.</span> <span class='ocrx_word' id='word_1_171' title='bbox 497 1218 571 1273; x_wconf 62' lang='lat' dir='ltr'>zm</span> <span class='ocrx_word' id='word_1_172' title='bbox 588 1234 689 1272; x_wconf 75' lang='lat' dir='ltr'>ceram.</span> <span class='ocrx_word' id='word_1_173' title='bbox 708 1214 796 1284; x_wconf 74' lang='lat' dir='ltr'>ndffi</span> <span class='ocrx_word' id='word_1_174' title='bbox 821 1215 850 1272; x_wconf 68' lang='lat' dir='ltr'>si.</span> <span class='ocrx_word' id='word_1_175' title='bbox 878 1213 921 1268; x_wconf 81' lang='lat' dir='ltr'>tii·</span> <span class='ocrx_word' id='word_1_176' title='bbox 948 1233 984 1268; x_wconf 75' lang='lat' dir='ltr'>a:</span> <span class='ocrx_word' id='word_1_177' title='bbox 1007 1217 1033 1266; x_wconf 84' lang='lat'>1·</span> <span class='ocrx_word' id='word_1_178' title='bbox 1082 1217 1130 1270; x_wconf 75' lang='lat' dir='ltr'>illo</span> <span class='ocrx_word' id='word_1_179' title='bbox 1149 1235 1210 1276; x_wconf 68' lang='lat' dir='ltr'>asu</span> <span class='ocrx_word' id='word_1_180' title='bbox 1228 1221 1423 1292; x_wconf 76' lang='lat' dir='ltr'>subdistinguoz</span> <span class='ocrx_word' id='word_1_181' title='bbox 1441 1241 1476 1278; x_wconf 85' lang='lat' dir='ltr'>au</span> <span class='ocrx_word' id='word_1_182' title='bbox 1494 1213 1657 1282; x_wconf 82' lang='lat' dir='ltr'>contraxerit</span> <span class='ocrx_word' id='word_1_183' title='bbox 1675 1227 1787 1294; x_wconf 88' lang='lat' dir='ltr'>inioco,</span> <span class='ocrx_word' id='word_1_184' title='bbox 1803 1228 1902 1297; x_wconf 83' lang='lat' dir='ltr'>obijc-</span> 
     </span>
     <span class='ocr_line' id='line_1_14' title="bbox 205 1292 1908 1379; baseline 0.009 -29"><span class='ocrx_word' id='word_1_185' title='bbox 205 1308 296 1379; x_wconf 55' lang='grc' dir='ltr'>ψη</span> <span class='ocrx_word' id='word_1_186' title='bbox 311 1309 338 1362; x_wconf 56' lang='grc' dir='ltr'>,ἰ</span> <span class='ocrx_word' id='word_1_187' title='bbox 357 1317 510 1366; x_wconf 54' lang='lat' dir='ltr'>„metue</span> <span class='ocrx_word' id='word_1_188' title='bbox 527 1306 561 1360; x_wconf 60' lang='lat' dir='ltr'>qd</span> <span class='ocrx_word' id='word_1_189' title='bbox 576 1306 809 1362; x_wconf 55' lang='lat' dir='ltr'>demanium</span> <span class='ocrx_word' id='word_1_190' title='bbox 822 1292 910 1366; x_wconf 51' lang='lat' dir='ltr'>uuus</span> <span class='ocrx_word' id='word_1_191' title='bbox 924 1305 1034 1360; x_wconf 60' lang='lat' dir='ltr'>domino</span> <span class='ocrx_word' id='word_1_192' title='bbox 1083 1297 1266 1360; x_wconf 84' lang='lat' dir='ltr'>rissiictionem</span> <span class='ocrx_word' id='word_1_193' title='bbox 1287 1304 1367 1362; x_wconf 72' lang='lat' dir='ltr'>habel</span> <span class='ocrx_word' id='word_1_194' title='bbox 1384 1305 1484 1360; x_wconf 73' lang='grc'><strong>1111111111</strong></span> <span class='ocrx_word' id='word_1_195' title='bbox 1502 1325 1534 1360; x_wconf 77' lang='lat' dir='ltr'>an</span> <span class='ocrx_word' id='word_1_196' title='bbox 1560 1308 1634 1361; x_wconf 74' lang='lat' dir='ltr'>alibi·</span> <span class='ocrx_word' id='word_1_197' title='bbox 1668 1307 1763 1363; x_wconf 68' lang='lat' dir='ltr'>Priori</span> <span class='ocrx_word' id='word_1_198' title='bbox 1783 1327 1843 1364; x_wconf 69' lang='lat' dir='ltr'>uult</span> <span class='ocrx_word' id='word_1_199' title='bbox 1867 1311 1908 1366; x_wconf 74' lang='grc'><strong>10·</strong></span> 
     </span>
     <span class='ocr_line' id='line_1_15' title="bbox 168 1380 1905 1465; baseline 0.001 -19"><span class='ocrx_word' id='word_1_200' title='bbox 168 1380 343 1465; x_wconf 69' lang='lat' dir='ltr'>instigasse.</span> <span class='ocrx_word' id='word_1_201' title='bbox 365 1393 496 1449; x_wconf 74' lang='lat' dir='ltr'>Dosaiam</span> <span class='ocrx_word' id='word_1_202' title='bbox 513 1407 590 1458; x_wconf 71' lang='lat' dir='ltr'>nvo,</span> <span class='ocrx_word' id='word_1_203' title='bbox 609 1393 632 1445; x_wconf 91' lang='lat' dir='ltr'>si</span> <span class='ocrx_word' id='word_1_204' title='bbox 651 1391 717 1446; x_wconf 86' lang='lat' dir='ltr'>illud</span> <span class='ocrx_word' id='word_1_205' title='bbox 736 1410 758 1444; x_wconf 82' lang='lat' dir='ltr'>a</span> <span class='ocrx_word' id='word_1_206' title='bbox 770 1407 848 1444; x_wconf 82' lang='lat' dir='ltr'>sanan</span> <span class='ocrx_word' id='word_1_207' title='bbox 866 1388 967 1460; x_wconf 87' lang='lat' dir='ltr'>cupiat,</span> <span class='ocrx_word' id='word_1_208' title='bbox 993 1391 1039 1456; x_wconf 78' lang='lat' dir='ltr'>jn·</span> <span class='ocrx_word' id='word_1_209' title='bbox 1081 1399 1140 1440; x_wconf 78' lang='lat' dir='ltr'>rusa</span> <span class='ocrx_word' id='word_1_210' title='bbox 1159 1387 1268 1443; x_wconf 84' lang='lat' dir='ltr'>omnino</span> <span class='ocrx_word' id='word_1_211' title='bbox 1285 1406 1392 1454; x_wconf 68' lang='lat' dir='ltr'>soram,</span> <span class='ocrx_word' id='word_1_212' title='bbox 1404 1389 1488 1446; x_wconf 84' lang='lat' dir='ltr'>nobili</span> <span class='ocrx_word' id='word_1_213' title='bbox 1507 1393 1627 1460; x_wconf 87' lang='lat' dir='ltr'>sortitur,</span> <span class='ocrx_word' id='word_1_214' title='bbox 1652 1408 1713 1446; x_wconf 85' lang='lat' dir='ltr'>euna</span> <span class='ocrx_word' id='word_1_215' title='bbox 1738 1391 1811 1448; x_wconf 87' lang='lat' dir='ltr'>locus</span> <span class='ocrx_word' id='word_1_216' title='bbox 1840 1411 1905 1448; x_wconf 88' lang='lat' dir='ltr'>con·</span> 
     </span>
     <span class='ocr_line' id='line_1_16' title="bbox 206 1472 1905 1550; baseline -0.001 -20"><span class='ocrx_word' id='word_1_217' title='bbox 206 1475 287 1530; x_wconf 80' lang='lat' dir='ltr'>brodi</span> <span class='ocrx_word' id='word_1_218' title='bbox 307 1477 445 1531; x_wconf 60' lang='lat' dir='ltr'>mentions</span> <span class='ocrx_word' id='word_1_219' title='bbox 465 1475 563 1530; x_wconf 82' lang='lat' dir='ltr'>babere</span> <span class='ocrx_word' id='word_1_220' title='bbox 580 1475 698 1531; x_wconf 81' lang='lat' dir='ltr'>debebit.</span> <span class='ocrx_word' id='word_1_221' title='bbox 717 1475 837 1530; x_wconf 84' lang='lat' dir='ltr'>Licentia</span> <span class='ocrx_word' id='word_1_222' title='bbox 857 1485 945 1528; x_wconf 88' lang='lat' dir='ltr'>tamen</span> <span class='ocrx_word' id='word_1_223' title='bbox 970 1474 1032 1526; x_wconf 86' lang='lat' dir='ltr'>haec</span> <span class='ocrx_word' id='word_1_224' title='bbox 1085 1479 1181 1526; x_wconf 79' lang='lat' dir='ltr'>tractos</span> <span class='ocrx_word' id='word_1_225' title='bbox 1200 1472 1356 1531; x_wconf 83' lang='lat' dir='ltr'>indistincte</span> <span class='ocrx_word' id='word_1_226' title='bbox 1385 1474 1472 1530; x_wconf 84' lang='lat' dir='ltr'>ioruin</span> <span class='ocrx_word' id='word_1_227' title='bbox 1492 1475 1604 1542; x_wconf 90' lang='lat' dir='ltr'>tribnat,</span> <span class='ocrx_word' id='word_1_228' title='bbox 1623 1495 1676 1530; x_wconf 87' lang='lat' dir='ltr'>non</span> <span class='ocrx_word' id='word_1_229' title='bbox 1695 1487 1793 1531; x_wconf 87' lang='lat' dir='ltr'>attenta</span> <span class='ocrx_word' id='word_1_230' title='bbox 1817 1478 1905 1550; x_wconf 83' lang='lat' dir='ltr'>qnali-</span> 
     </span>
     <span class='ocr_line' id='line_1_17' title="bbox 203 1554 1908 1631; baseline 0 -17"><span class='ocrx_word' id='word_1_231' title='bbox 203 1559 341 1618; x_wconf 87' lang='lat' dir='ltr'>clvilitatis</span> <span class='ocrx_word' id='word_1_232' title='bbox 358 1563 460 1614; x_wconf 79' lang='lat' dir='ltr'>limitas</span> <span class='ocrx_word' id='word_1_233' title='bbox 476 1561 603 1620; x_wconf 83' lang='lat' dir='ltr'>eaoaslere</span> <span class='ocrx_word' id='word_1_234' title='bbox 620 1579 673 1616; x_wconf 91' lang='lat' dir='ltr'>non</span> <span class='ocrx_word' id='word_1_235' title='bbox 692 1560 786 1624; x_wconf 83' lang='lat' dir='ltr'>siebat,</span> <span class='ocrx_word' id='word_1_236' title='bbox 806 1557 852 1612; x_wconf 88' lang='lat' dir='ltr'>sed</span> <span class='ocrx_word' id='word_1_237' title='bbox 870 1556 942 1610; x_wconf 86' lang='lat' dir='ltr'>ai-ld</span> <span class='ocrx_word' id='word_1_238' title='bbox 967 1554 1030 1618; x_wconf 79' lang='lat' dir='ltr'>liat,</span> <span class='ocrx_word' id='word_1_239' title='bbox 1084 1560 1137 1610; x_wconf 81' lang='lat' dir='ltr'>lais</span> <span class='ocrx_word' id='word_1_240' title='bbox 1154 1573 1280 1624; x_wconf 68' lang='lat' dir='ltr'>pascuae</span> <span class='ocrx_word' id='word_1_241' title='bbox 1297 1560 1486 1614; x_wconf 84' lang='lat' dir='ltr'>contrahentis.</span> <span class='ocrx_word' id='word_1_242' title='bbox 1502 1578 1525 1613; x_wconf 89' lang='lat' dir='ltr'>c.</span> <span class='ocrx_word' id='word_1_243' title='bbox 1545 1579 1671 1615; x_wconf 82' lang='lat' dir='ltr'>romana.</span> <span class='ocrx_word' id='word_1_244' title='bbox 1689 1558 1714 1631; x_wconf 80' lang='grc'><strong>5.</strong></span> <span class='ocrx_word' id='word_1_245' title='bbox 1739 1562 1908 1624; x_wconf 75' lang='lat' dir='ltr'>contrabesc-</span> 
     </span>
     <span class='ocr_line' id='line_1_18' title="bbox 203 1639 1904 1719; baseline 0.002 -21"><span class='ocrx_word' id='word_1_246' title='bbox 203 1655 232 1700; x_wconf 86' lang='lat' dir='ltr'>et</span> <span class='ocrx_word' id='word_1_247' title='bbox 249 1645 373 1704; x_wconf 79' lang='lat' dir='ltr'>domium</span> <span class='ocrx_word' id='word_1_248' title='bbox 384 1647 450 1714; x_wconf 64' lang='lat' dir='ltr'>iure</span> <span class='ocrx_word' id='word_1_249' title='bbox 464 1663 510 1698; x_wconf 77' lang='lat' dir='ltr'>uso</span> <span class='ocrx_word' id='word_1_250' title='bbox 522 1645 659 1710; x_wconf 87' lang='lat' dir='ltr'>abutatur,</span> <span class='ocrx_word' id='word_1_251' title='bbox 675 1661 728 1697; x_wconf 93' lang='lat' dir='ltr'>non</span> <span class='ocrx_word' id='word_1_252' title='bbox 741 1642 891 1718; x_wconf 72' lang='lat' dir='ltr'>denegantis</span> <span class='ocrx_word' id='word_1_253' title='bbox 905 1657 978 1694; x_wconf 85' lang='lat' dir='ltr'>sesso</span> <span class='ocrx_word' id='word_1_254' title='bbox 992 1641 1031 1704; x_wconf 80' lang='lat' dir='ltr'>iu·</span> <span class='ocrx_word' id='word_1_255' title='bbox 1082 1645 1120 1687; x_wconf 77' lang='lat' dir='ltr'>les</span> <span class='ocrx_word' id='word_1_256' title='bbox 1136 1639 1237 1710; x_wconf 79' lang='lat' dir='ltr'>defers</span> <span class='ocrx_word' id='word_1_257' title='bbox 1255 1655 1369 1708; x_wconf 82' lang='lat' dir='ltr'>compet.</span> <span class='ocrx_word' id='word_1_258' title='bbox 1388 1644 1420 1697; x_wconf 86' lang='lat' dir='ltr'>in</span> <span class='ocrx_word' id='word_1_259' title='bbox 1436 1645 1465 1696; x_wconf 85' lang='lat' dir='ltr'>u.</span> <span class='ocrx_word' id='word_1_260' title='bbox 1483 1645 1500 1696; x_wconf 91' lang='lat' dir='ltr'>i.</span> <span class='ocrx_word' id='word_1_261' title='bbox 1522 1645 1565 1696; x_wconf 85' lang='grc'>19.</span> <span class='ocrx_word' id='word_1_262' title='bbox 1582 1661 1625 1711; x_wconf 77' lang='lat' dir='ltr'>pr.</span> <span class='ocrx_word' id='word_1_263' title='bbox 1634 1641 1675 1712; x_wconf 78' lang='lat' dir='ltr'><em>ffi</em></span> <span class='ocrx_word' id='word_1_264' title='bbox 1690 1644 1817 1719; x_wconf 83' lang='lat' dir='ltr'>dejudic</span> <span class='ocrx_word' id='word_1_265' title='bbox 1830 1645 1904 1701; x_wconf 74' lang='lat' dir='ltr'>(tait.</span> 
     </span>
     <span class='ocr_line' id='line_1_19' title="bbox 207 1719 1906 1798; baseline 0.004 -17"><span class='ocrx_word' id='word_1_266' title='bbox 207 1728 248 1784; x_wconf 87' lang='lat' dir='ltr'>ris</span> <span class='ocrx_word' id='word_1_267' title='bbox 262 1730 386 1785; x_wconf 74' lang='lat' dir='ltr'>media.</span> <span class='ocrx_word' id='word_1_268' title='bbox 407 1731 495 1798; x_wconf 86' lang='lat' dir='ltr'>Qsasa</span> <span class='ocrx_word' id='word_1_269' title='bbox 514 1730 537 1783; x_wconf 92' lang='lat' dir='ltr'>si</span> <span class='ocrx_word' id='word_1_270' title='bbox 557 1747 646 1784; x_wconf 85' lang='lat' dir='ltr'>serres</span> <span class='ocrx_word' id='word_1_271' title='bbox 664 1728 869 1783; x_wconf 77' lang='lat' dir='ltr'>condoctnsob</span> <span class='ocrx_word' id='word_1_272' title='bbox 899 1725 1031 1788; x_wconf 67' lang='lat' dir='ltr'>saevitiem</span> <span class='ocrx_word' id='word_1_273' title='bbox 1082 1719 1128 1772; x_wconf 71' lang='lat' dir='ltr'>tit.</span> <span class='ocrx_word' id='word_1_274' title='bbox 1147 1723 1172 1772; x_wconf 78' lang='lat'>2.</span> <span class='ocrx_word' id='word_1_275' title='bbox 1193 1725 1247 1778; x_wconf 75' lang='lat' dir='ltr'>nis.</span> <span class='ocrx_word' id='word_1_276' title='bbox 1267 1727 1294 1778; x_wconf 80' lang='grc'><strong>8.</strong></span> <span class='ocrx_word' id='word_1_277' title='bbox 1311 1746 1339 1780; x_wconf 87' lang='lat' dir='ltr'>n.</span> <span class='ocrx_word' id='word_1_278' title='bbox 1358 1730 1400 1782; x_wconf 79' lang='lat' dir='ltr'>uir</span> <span class='ocrx_word' id='word_1_279' title='bbox 1423 1729 1456 1781; x_wconf 87' lang='lat' dir='ltr'>Si</span> <span class='ocrx_word' id='word_1_280' title='bbox 1474 1729 1540 1783; x_wconf 82' lang='lat' dir='ltr'>olidi</span> <span class='ocrx_word' id='word_1_281' title='bbox 1556 1730 1735 1794; x_wconf 75' lang='lat' dir='ltr'>contraxerit,</span> <span class='ocrx_word' id='word_1_282' title='bbox 1749 1747 1837 1786; x_wconf 84' lang='lat' dir='ltr'>eoram</span> <span class='ocrx_word' id='word_1_283' title='bbox 1858 1750 1906 1786; x_wconf 86' lang='lat' dir='ltr'>no-</span> 
     </span>
     <span class='ocr_line' id='line_1_20' title="bbox 208 1803 1906 1888; baseline 0.002 -22"><span class='ocrx_word' id='word_1_284' title='bbox 208 1809 315 1866; x_wconf 79' lang='lat' dir='ltr'>dosasissi</span> <span class='ocrx_word' id='word_1_285' title='bbox 332 1813 362 1866; x_wconf 90' lang='lat' dir='ltr'>in</span> <span class='ocrx_word' id='word_1_286' title='bbox 380 1811 470 1882; x_wconf 73' lang='lat' dir='ltr'>lugam</span> <span class='ocrx_word' id='word_1_287' title='bbox 487 1826 515 1864; x_wconf 89' lang='lat' dir='ltr'>ss</span> <span class='ocrx_word' id='word_1_288' title='bbox 532 1811 667 1878; x_wconf 78' lang='lat' dir='ltr'>sociarat,</span> <span class='ocrx_word' id='word_1_289' title='bbox 688 1830 740 1866; x_wconf 88' lang='lat' dir='ltr'>non</span> <span class='ocrx_word' id='word_1_290' title='bbox 753 1813 922 1882; x_wconf 85' lang='lat' dir='ltr'>compellitur</span> <span class='ocrx_word' id='word_1_291' title='bbox 935 1809 1032 1870; x_wconf 88' lang='lat' dir='ltr'>redire,</span> <span class='ocrx_word' id='word_1_292' title='bbox 1081 1803 1130 1860; x_wconf 88' lang='lat' dir='ltr'>bili</span> <span class='ocrx_word' id='word_1_293' title='bbox 1151 1805 1237 1864; x_wconf 80' lang='lat' dir='ltr'>inrum</span> <span class='ocrx_word' id='word_1_294' title='bbox 1256 1827 1309 1864; x_wconf 90' lang='lat' dir='ltr'>non</span> <span class='ocrx_word' id='word_1_295' title='bbox 1327 1812 1469 1876; x_wconf 84' lang='lat' dir='ltr'>sortietur,</span> <span class='ocrx_word' id='word_1_296' title='bbox 1488 1813 1550 1884; x_wconf 89' lang='lat' dir='ltr'>quia</span> <span class='ocrx_word' id='word_1_297' title='bbox 1568 1830 1661 1878; x_wconf 87' lang='lat' dir='ltr'>causa,</span> <span class='ocrx_word' id='word_1_298' title='bbox 1687 1813 1722 1867; x_wconf 95' lang='lat' dir='ltr'>ob</span> <span class='ocrx_word' id='word_1_299' title='bbox 1747 1833 1827 1884; x_wconf 89' lang='lat' dir='ltr'>qoam</span> <span class='ocrx_word' id='word_1_300' title='bbox 1853 1817 1906 1888; x_wconf 80' lang='lat' dir='ltr'>ipsi</span> 
     </span>
     <span class='ocr_line' id='line_1_21' title="bbox 211 1883 1960 1968; baseline 0.003 -18"><span class='ocrx_word' id='word_1_301' title='bbox 211 1895 236 1950; x_wconf 89' lang='lat' dir='ltr'>ai</span> <span class='ocrx_word' id='word_1_302' title='bbox 255 1895 388 1950; x_wconf 77' lang='lat' dir='ltr'>metuendi</span> <span class='ocrx_word' id='word_1_303' title='bbox 405 1913 514 1950; x_wconf 76' lang='lat' dir='ltr'>cauma</span> <span class='ocrx_word' id='word_1_304' title='bbox 531 1897 695 1968; x_wconf 81' lang='lat' dir='ltr'>probabilem</span> <span class='ocrx_word' id='word_1_305' title='bbox 716 1887 958 1960; x_wconf 81' lang='lat' dir='ltr'>desnonatraserit,</span> <span class='ocrx_word' id='word_1_306' title='bbox 978 1893 1032 1946; x_wconf 89' lang='lat' dir='ltr'>nisi</span> <span class='ocrx_word' id='word_1_307' title='bbox 1079 1889 1121 1955; x_wconf 83' lang='lat' dir='ltr'>jus</span> <span class='ocrx_word' id='word_1_308' title='bbox 1139 1887 1221 1954; x_wconf 86' lang='lat' dir='ltr'>dicat,</span> <span class='ocrx_word' id='word_1_309' title='bbox 1244 1891 1344 1947; x_wconf 84' lang='lat' dir='ltr'>delicit.</span> <span class='ocrx_word' id='word_1_310' title='bbox 1366 1899 1424 1950; x_wconf 87' lang='lat' dir='ltr'>Ant</span> <span class='ocrx_word' id='word_1_311' title='bbox 1441 1883 1633 1950; x_wconf 75' lang='lat' dir='ltr'>eonseuiontur</span> <span class='ocrx_word' id='word_1_312' title='bbox 1645 1915 1677 1952; x_wconf 84' lang='lat' dir='ltr'>ea</span> <span class='ocrx_word' id='word_1_313' title='bbox 1691 1897 1801 1963; x_wconf 79' lang='lat' dir='ltr'>delicto,</span> <span class='ocrx_word' id='word_1_314' title='bbox 1814 1909 1842 1954; x_wconf 90' lang='lat' dir='ltr'>et</span> <span class='ocrx_word' id='word_1_315' title='bbox 1854 1901 1900 1956; x_wconf 88' lang='lat' dir='ltr'>bic</span> <span class='ocrx_word' id='word_1_316' title='bbox 1921 1902 1960 1955; x_wconf 83' lang='lat' dir='ltr'>ti</span> 
     </span>
     <span class='ocr_line' id='line_1_22' title="bbox 210 1970 1905 2050; baseline 0.004 -17"><span class='ocrx_word' id='word_1_317' title='bbox 210 1979 368 2048; x_wconf 83' lang='lat' dir='ltr'>praestiterit</span> <span class='ocrx_word' id='word_1_318' title='bbox 390 1979 515 2034; x_wconf 61' lang='lat' dir='ltr'>minus</span> <span class='ocrx_word' id='word_1_319' title='bbox 543 1979 691 2034; x_wconf 76' lang='lat' dir='ltr'>mationem</span> <span class='ocrx_word' id='word_1_320' title='bbox 722 1981 756 2034; x_wconf 85' lang='lat' dir='ltr'>de</span> <span class='ocrx_word' id='word_1_321' title='bbox 781 1997 836 2032; x_wconf 87' lang='lat' dir='ltr'>non</span> <span class='ocrx_word' id='word_1_322' title='bbox 865 1976 1032 2032; x_wconf 72' lang='lat' dir='ltr'>offendendo.</span> <span class='ocrx_word' id='word_1_323' title='bbox 1081 1970 1238 2028; x_wconf 82' lang='lat' dir='ltr'>indistincte</span> <span class='ocrx_word' id='word_1_324' title='bbox 1256 1976 1373 2030; x_wconf 87' lang='lat' dir='ltr'>nobilem</span> <span class='ocrx_word' id='word_1_325' title='bbox 1393 1979 1507 2050; x_wconf 79' lang='lat' dir='ltr'>judicem</span> <span class='ocrx_word' id='word_1_326' title='bbox 1524 1984 1740 2050; x_wconf 69' lang='lat' dir='ltr'>easeexntimov</span> <span class='ocrx_word' id='word_1_327' title='bbox 1768 1987 1905 2041; x_wconf 89' lang='lat' dir='ltr'>antenirn</span> 
     </span>
     <span class='ocr_line' id='line_1_23' title="bbox 205 2052 1904 2132; baseline 0.011 -27"><span class='ocrx_word' id='word_1_328' title='bbox 205 2061 365 2130; x_wconf 53' lang='lat' dir='ltr'>Memor-s,</span> <span class='ocrx_word' id='word_1_329' title='bbox 383 2059 410 2112; x_wconf 78' lang='grc'><strong>1.</strong></span> <span class='ocrx_word' id='word_1_330' title='bbox 428 2062 484 2116; x_wconf 59' lang='grc' dir='ltr'>ω,</span> <span class='ocrx_word' id='word_1_331' title='bbox 504 2064 547 2114; x_wconf 75' lang='lat'>19,</span> <span class='ocrx_word' id='word_1_332' title='bbox 574 2064 631 2118; x_wconf 63' lang='lat'>1100</span> <span class='ocrx_word' id='word_1_333' title='bbox 661 2074 688 2118; x_wconf 62' lang='grc' dir='ltr'>,ι</span> <span class='ocrx_word' id='word_1_334' title='bbox 715 2066 845 2118; x_wconf 60' lang='lat' dir='ltr'>„nom</span> <span class='ocrx_word' id='word_1_335' title='bbox 875 2063 1032 2132; x_wconf 58' lang='lat' dir='ltr'>injuriarum</span> <span class='ocrx_word' id='word_1_336' title='bbox 1080 2052 1249 2126; x_wconf 79' lang='lat' dir='ltr'>deliquitsub</span> <span class='ocrx_word' id='word_1_337' title='bbox 1260 2059 1446 2127; x_wconf 86' lang='lat' dir='ltr'>jurisdictione</span> <span class='ocrx_word' id='word_1_338' title='bbox 1458 2059 1614 2129; x_wconf 84' lang='lat' dir='ltr'>nobilis,et</span> <span class='ocrx_word' id='word_1_339' title='bbox 1625 2066 1661 2120; x_wconf 92' lang='lat' dir='ltr'>ita</span> <span class='ocrx_word' id='word_1_340' title='bbox 1675 2067 1904 2124; x_wconf 85' lang='lat' dir='ltr'>locnsoomnsisai</span> 
     </span>
     <span class='ocr_line' id='line_1_24' title="bbox 202 2137 1904 2215; baseline 0.005 -17"><span class='ocrx_word' id='word_1_341' title='bbox 202 2161 350 2198; x_wconf 85' lang='lat' dir='ltr'>concessam</span> <span class='ocrx_word' id='word_1_342' title='bbox 371 2161 429 2198; x_wconf 86' lang='lat' dir='ltr'>asse</span> <span class='ocrx_word' id='word_1_343' title='bbox 442 2145 690 2202; x_wconf 86' lang='lat' dir='ltr'>ancillaelsonestae</span> <span class='ocrx_word' id='word_1_344' title='bbox 702 2161 790 2203; x_wconf 80' lang='lat' dir='ltr'>contra</span> <span class='ocrx_word' id='word_1_345' title='bbox 805 2146 1032 2215; x_wconf 82' lang='lat' dir='ltr'>dominanv,quod</span> <span class='ocrx_word' id='word_1_346' title='bbox 1081 2137 1171 2194; x_wconf 86' lang='lat' dir='ltr'>delicti</span> <span class='ocrx_word' id='word_1_347' title='bbox 1192 2140 1275 2196; x_wconf 78' lang='lat' dir='ltr'>torum</span> <span class='ocrx_word' id='word_1_348' title='bbox 1296 2146 1421 2200; x_wconf 85' lang='lat' dir='ltr'>tribuitt.</span> <span class='ocrx_word' id='word_1_349' title='bbox 1440 2150 1466 2200; x_wconf 89' lang='lat'>1.</span> <span class='ocrx_word' id='word_1_350' title='bbox 1483 2165 1506 2200; x_wconf 88' lang='lat' dir='ltr'>c.</span> <span class='ocrx_word' id='word_1_351' title='bbox 1525 2149 1573 2202; x_wconf 84' lang='lat' dir='ltr'>ubi</span> <span class='ocrx_word' id='word_1_352' title='bbox 1588 2151 1623 2203; x_wconf 85' lang='lat' dir='ltr'>de</span> <span class='ocrx_word' id='word_1_353' title='bbox 1640 2153 1746 2206; x_wconf 70' lang='lat' dir='ltr'>crimin</span> <span class='ocrx_word' id='word_1_354' title='bbox 1767 2153 1818 2210; x_wconf 80' lang='lat' dir='ltr'>dut</span> <span class='ocrx_word' id='word_1_355' title='bbox 1834 2157 1904 2211; x_wconf 85' lang='lat' dir='ltr'>alibi</span> 
     </span>
     <span class='ocr_line' id='line_1_25' title="bbox 201 2223 1904 2306; baseline 0.006 -22"><span class='ocrx_word' id='word_1_356' title='bbox 201 2229 287 2300; x_wconf 84' lang='lat' dir='ltr'>ipsam</span> <span class='ocrx_word' id='word_1_357' title='bbox 299 2229 472 2300; x_wconf 87' lang='lat' dir='ltr'>appellaverit</span> <span class='ocrx_word' id='word_1_358' title='bbox 489 2233 673 2292; x_wconf 53' lang='lat' dir='ltr'>etnffictavd</span> <span class='ocrx_word' id='word_1_359' title='bbox 682 2234 772 2298; x_wconf 69' lang='lat' dir='ltr'>liure,</span> <span class='ocrx_word' id='word_1_360' title='bbox 787 2232 951 2304; x_wconf 82' lang='lat' dir='ltr'>praejudicio</span> <span class='ocrx_word' id='word_1_361' title='bbox 962 2246 1033 2284; x_wconf 84' lang='lat' dir='ltr'>cosa-</span> <span class='ocrx_word' id='word_1_362' title='bbox 1082 2223 1207 2294; x_wconf 77' lang='lat' dir='ltr'>deliquit.</span> <span class='ocrx_word' id='word_1_363' title='bbox 1232 2237 1258 2278; x_wconf 91' lang='lat' dir='ltr'>et</span> <span class='ocrx_word' id='word_1_364' title='bbox 1277 2226 1363 2281; x_wconf 82' lang='lat' dir='ltr'>iorum</span> <span class='ocrx_word' id='word_1_365' title='bbox 1383 2231 1509 2284; x_wconf 75' lang='lat' dir='ltr'><strong>sortietur</strong></span> <span class='ocrx_word' id='word_1_366' title='bbox 1527 2249 1614 2288; x_wconf 81' lang='lat' dir='ltr'>coram</span> <span class='ocrx_word' id='word_1_367' title='bbox 1634 2236 1719 2288; x_wconf 83' lang='lat' dir='ltr'>nnisili</span> <span class='ocrx_word' id='word_1_368' title='bbox 1738 2253 1770 2288; x_wconf 82' lang='lat' dir='ltr'>ex</span> <span class='ocrx_word' id='word_1_369' title='bbox 1786 2241 1847 2306; x_wconf 83' lang='lat' dir='ltr'>jore</span> <span class='ocrx_word' id='word_1_370' title='bbox 1858 2239 1904 2294; x_wconf 86' lang='lat' dir='ltr'>da·</span> 
     </span>
     <span class='ocr_line' id='line_1_26' title="bbox 204 2311 1906 2390; baseline 0.002 -24"><span class='ocrx_word' id='word_1_371' title='bbox 204 2311 301 2384; x_wconf 87' lang='lat' dir='ltr'>probat</span> <span class='ocrx_word' id='word_1_372' title='bbox 314 2312 386 2366; x_wconf 86' lang='lat' dir='ltr'>idem</span> <span class='ocrx_word' id='word_1_373' title='bbox 405 2314 450 2368; x_wconf 83' lang='lat' dir='ltr'>sln.</span> <span class='ocrx_word' id='word_1_374' title='bbox 468 2317 574 2372; x_wconf 76' lang='lat' dir='ltr'>saevius</span> <span class='ocrx_word' id='word_1_375' title='bbox 590 2317 631 2370; x_wconf 88' lang='lat' dir='ltr'>od</span> <span class='ocrx_word' id='word_1_376' title='bbox 642 2316 690 2386; x_wconf 74' lang='lat' dir='ltr'>jus</span> <span class='ocrx_word' id='word_1_377' title='bbox 707 2318 763 2371; x_wconf 68' lang='lat' dir='ltr'>tait.</span> <span class='ocrx_word' id='word_1_378' title='bbox 783 2317 831 2372; x_wconf 79' lang='lat' dir='ltr'>lii.</span> <span class='ocrx_word' id='word_1_379' title='bbox 845 2317 871 2369; x_wconf 80' lang='lat'>³.</span> <span class='ocrx_word' id='word_1_380' title='bbox 883 2316 926 2370; x_wconf 84' lang='lat' dir='ltr'>tis.</span> <span class='ocrx_word' id='word_1_381' title='bbox 938 2315 964 2368; x_wconf 79' lang='lat'>⁸.</span> <span class='ocrx_word' id='word_1_382' title='bbox 978 2323 1031 2368; x_wconf 83' lang='lat' dir='ltr'>ors.</span> <span class='ocrx_word' id='word_1_383' title='bbox 1081 2311 1248 2379; x_wconf 84' lang='lat' dir='ltr'>prensioois,</span> <span class='ocrx_word' id='word_1_384' title='bbox 1267 2327 1326 2364; x_wconf 86' lang='lat' dir='ltr'>com</span> <span class='ocrx_word' id='word_1_385' title='bbox 1341 2313 1386 2366; x_wconf 91' lang='lat' dir='ltr'>ubi</span> <span class='ocrx_word' id='word_1_386' title='bbox 1400 2314 1557 2386; x_wconf 74' lang='lat' dir='ltr'>delinquens</span> <span class='ocrx_word' id='word_1_387' title='bbox 1571 2317 1795 2390; x_wconf 72' lang='lat' dir='ltr'>deprehenditur,</span> <span class='ocrx_word' id='word_1_388' title='bbox 1808 2325 1848 2378; x_wconf 84' lang='lat' dir='ltr'>ilsi</span> <span class='ocrx_word' id='word_1_389' title='bbox 1865 2326 1906 2382; x_wconf 65' lang='lat'>10.</span> 
     </span>
    </p>
   </div>
   <div class='ocr_carea' id='block_1_3' title="bbox 148 2395 1958 2982">
    <p class='ocr_par' dir='ltr' id='par_1_3' title="bbox 148 2395 1904 2554">
     <span class='ocr_line' id='line_1_27' title="bbox 206 2395 1904 2478; baseline 0.005 -31"><span class='ocrx_word' id='word_1_390' title='bbox 206 2397 249 2450; x_wconf 87' lang='lat' dir='ltr'>tu.</span> <span class='ocrx_word' id='word_1_391' title='bbox 269 2413 296 2451; x_wconf 84' lang='lat' dir='ltr'>n.</span> <span class='ocrx_word' id='word_1_392' title='bbox 316 2397 360 2450; x_wconf 80' lang='lat' dir='ltr'>lb.</span> <span class='ocrx_word' id='word_1_393' title='bbox 1081 2409 1141 2446; x_wconf 83' lang='lat' dir='ltr'>rum</span> <span class='ocrx_word' id='word_1_394' title='bbox 1159 2395 1301 2462; x_wconf 79' lang='lat' dir='ltr'>sortiatur3</span> <span class='ocrx_word' id='word_1_395' title='bbox 1321 2398 1366 2450; x_wconf 88' lang='lat' dir='ltr'>dn.</span> <span class='ocrx_word' id='word_1_396' title='bbox 1388 2397 1532 2456; x_wconf 81' lang='lat' dir='ltr'>lirunnem.</span> <span class='ocrx_word' id='word_1_397' title='bbox 1548 2419 1665 2472; x_wconf 77' lang='lat' dir='ltr'>process.</span> <span class='ocrx_word' id='word_1_398' title='bbox 1684 2407 1784 2478; x_wconf 73' lang='lat' dir='ltr'>inquis.</span> <span class='ocrx_word' id='word_1_399' title='bbox 1798 2427 1820 2463; x_wconf 79' lang='lat' dir='ltr'>e.</span> <span class='ocrx_word' id='word_1_400' title='bbox 1834 2411 1861 2463; x_wconf 76' lang='lat'>8,</span> <span class='ocrx_word' id='word_1_401' title='bbox 1874 2433 1904 2466; x_wconf 66' lang='grc' dir='ltr'>η,</span> 
     </span>
     <span class='ocr_line' id='line_1_28' title="bbox 148 2463 1897 2554; baseline 0.003 -21"><span class='ocrx_word' id='word_1_402' title='bbox 148 2463 186 2514; x_wconf 84' lang='lat'>¹⁰</span> <span class='ocrx_word' id='word_1_403' title='bbox 237 2481 263 2547; x_wconf 76' lang='grc'><strong>5.</strong></span> <span class='ocrx_word' id='word_1_404' title='bbox 283 2481 309 2534; x_wconf 80' lang='lat'>8.</span> <span class='ocrx_word' id='word_1_405' title='bbox 326 2483 426 2534; x_wconf 72' lang='lat' dir='ltr'>Verum</span> <span class='ocrx_word' id='word_1_406' title='bbox 445 2482 565 2547; x_wconf 87' lang='lat' dir='ltr'>diceres,</span> <span class='ocrx_word' id='word_1_407' title='bbox 584 2479 649 2554; x_wconf 90' lang='lat' dir='ltr'>qnid</span> <span class='ocrx_word' id='word_1_408' title='bbox 669 2482 850 2554; x_wconf 81' lang='lat' dir='ltr'>frequentina,</span> <span class='ocrx_word' id='word_1_409' title='bbox 868 2499 947 2554; x_wconf 91' lang='lat' dir='ltr'>quam</span> <span class='ocrx_word' id='word_1_410' title='bbox 962 2479 1031 2552; x_wconf 85' lang='lat' dir='ltr'>qnod</span> <span class='ocrx_word' id='word_1_411' title='bbox 1083 2476 1128 2526; x_wconf 87' lang='lat'>10·</span> <span class='ocrx_word' id='word_1_412' title='bbox 1145 2487 1172 2530; x_wconf 83' lang='lat' dir='ltr'>st</span> <span class='ocrx_word' id='word_1_413' title='bbox 1188 2477 1218 2530; x_wconf 86' lang='lat' dir='ltr'>in</span> <span class='ocrx_word' id='word_1_414' title='bbox 1237 2489 1379 2533; x_wconf 84' lang='lat' dir='ltr'>comment.</span> <span class='ocrx_word' id='word_1_415' title='bbox 1397 2483 1455 2535; x_wconf 86' lang='lat' dir='ltr'>cod.</span> <span class='ocrx_word' id='word_1_416' title='bbox 1476 2485 1548 2538; x_wconf 70' lang='lat' dir='ltr'>ott-t.</span> <span class='ocrx_word' id='word_1_417' title='bbox 1572 2489 1594 2540; x_wconf 93' lang='lat' dir='ltr'>t.</span> <span class='ocrx_word' id='word_1_418' title='bbox 1614 2489 1659 2542; x_wconf 79' lang='lat' dir='ltr'>udi</span> <span class='ocrx_word' id='word_1_419' title='bbox 1675 2488 1709 2540; x_wconf 88' lang='lat' dir='ltr'>de</span> <span class='ocrx_word' id='word_1_420' title='bbox 1726 2491 1832 2547; x_wconf 59' lang='lat' dir='ltr'>crimin,</span> <span class='ocrx_word' id='word_1_421' title='bbox 1846 2495 1897 2550; x_wconf 71' lang='lat' dir='ltr'>Po.</span> 
     </span>
    </p>

    <p class='ocr_par' dir='ltr' id='par_1_4' title="bbox 201 2561 1897 2650">
     <span class='ocr_line' id='line_1_29' title="bbox 201 2561 1897 2650; baseline 0.004 -36"><span class='ocrx_word' id='word_1_422' title='bbox 201 2562 270 2616; x_wconf 80' lang='lat' dir='ltr'>servi</span> <span class='ocrx_word' id='word_1_423' title='bbox 289 2563 427 2634; x_wconf 83' lang='lat' dir='ltr'>injuriosis</span> <span class='ocrx_word' id='word_1_424' title='bbox 446 2565 535 2620; x_wconf 83' lang='lat' dir='ltr'>serbis</span> <span class='ocrx_word' id='word_1_425' title='bbox 552 2575 580 2620; x_wconf 90' lang='lat' dir='ltr'>et</span> <span class='ocrx_word' id='word_1_426' title='bbox 598 2567 750 2621; x_wconf 80' lang='lat' dir='ltr'>verberibus</span> <span class='ocrx_word' id='word_1_427' title='bbox 782 2561 954 2618; x_wconf 73' lang='lat' dir='ltr'>alliciantur?</span> <span class='ocrx_word' id='word_1_428' title='bbox 984 2565 1032 2616; x_wconf 81' lang='lat' dir='ltr'>Fu·</span> <span class='ocrx_word' id='word_1_429' title='bbox 1081 2561 1222 2632; x_wconf 77' lang='lat' dir='ltr'>terittergo</span> <span class='ocrx_word' id='word_1_430' title='bbox 1240 2565 1264 2618; x_wconf 87' lang='lat' dir='ltr'>ri</span> <span class='ocrx_word' id='word_1_431' title='bbox 1282 2563 1481 2633; x_wconf 83' lang='lat' dir='ltr'>jurisdictionis</span> <span class='ocrx_word' id='word_1_432' title='bbox 1500 2571 1663 2641; x_wconf 87' lang='lat' dir='ltr'>supplicium</span> <span class='ocrx_word' id='word_1_433' title='bbox 1684 2573 1805 2630; x_wconf 85' lang='lat' dir='ltr'>uitimnrn</span> <span class='ocrx_word' id='word_1_434' title='bbox 1819 2595 1897 2650; x_wconf 73' lang='lat' dir='ltr'>pm.</span> 
     </span>
    </p>

    <p class='ocr_par' dir='ltr' id='par_1_5' title="bbox 202 2643 1896 2725">
     <span class='ocr_line' id='line_1_30' title="bbox 202 2643 1896 2725; baseline 0.008 -26"><span class='ocrx_word' id='word_1_435' title='bbox 202 2654 262 2700; x_wconf 84' lang='lat' dir='ltr'>tenr</span> <span class='ocrx_word' id='word_1_436' title='bbox 281 2647 304 2700; x_wconf 92' lang='lat' dir='ltr'>si</span> <span class='ocrx_word' id='word_1_437' title='bbox 324 2649 553 2719; x_wconf 77' lang='lat' dir='ltr'>pervevai&#39;moras</span> <span class='ocrx_word' id='word_1_438' title='bbox 569 2649 612 2717; x_wconf 82' lang='lat' dir='ltr'>ins</span> <span class='ocrx_word' id='word_1_439' title='bbox 630 2648 747 2712; x_wconf 80' lang='lat' dir='ltr'>iaciunt,</span> <span class='ocrx_word' id='word_1_440' title='bbox 765 2653 825 2718; x_wconf 83' lang='lat' dir='ltr'>jam</span> <span class='ocrx_word' id='word_1_441' title='bbox 838 2647 948 2701; x_wconf 78' lang='lat' dir='ltr'>facultas</span> <span class='ocrx_word' id='word_1_442' title='bbox 970 2665 1029 2702; x_wconf 82' lang='lat' dir='ltr'>ser·</span> <span class='ocrx_word' id='word_1_443' title='bbox 1081 2643 1123 2697; x_wconf 80' lang='lat' dir='ltr'>tio</span> <span class='ocrx_word' id='word_1_444' title='bbox 1142 2643 1329 2714; x_wconf 67' lang='lat' dir='ltr'>inquisitionis</span> <span class='ocrx_word' id='word_1_445' title='bbox 1348 2664 1473 2717; x_wconf 88' lang='lat' dir='ltr'>processu</span> <span class='ocrx_word' id='word_1_446' title='bbox 1491 2649 1523 2702; x_wconf 88' lang='lat' dir='ltr'>de</span> <span class='ocrx_word' id='word_1_447' title='bbox 1542 2669 1617 2708; x_wconf 87' lang='lat' dir='ltr'>serso</span> <span class='ocrx_word' id='word_1_448' title='bbox 1635 2673 1763 2725; x_wconf 73' lang='lat' dir='ltr'>sumere,</span> <span class='ocrx_word' id='word_1_449' title='bbox 1779 2667 1809 2712; x_wconf 88' lang='lat' dir='ltr'>et</span> <span class='ocrx_word' id='word_1_450' title='bbox 1826 2671 1896 2718; x_wconf 86' lang='lat' dir='ltr'>eate-</span> 
     </span>
    </p>

    <p class='ocr_par' dir='ltr' id='par_1_6' title="bbox 202 2726 1586 2804">
     <span class='ocr_line' id='line_1_31' title="bbox 202 2726 1586 2804; baseline -0.001 -16"><span class='ocrx_word' id='word_1_451' title='bbox 202 2729 314 2788; x_wconf 72' lang='lat' dir='ltr'>bmndi</span> <span class='ocrx_word' id='word_1_452' title='bbox 329 2747 417 2788; x_wconf 86' lang='lat' dir='ltr'>servos</span> <span class='ocrx_word' id='word_1_453' title='bbox 435 2735 465 2787; x_wconf 86' lang='lat' dir='ltr'>ic</span> <span class='ocrx_word' id='word_1_454' title='bbox 483 2733 574 2804; x_wconf 85' lang='lat' dir='ltr'>aprino</span> <span class='ocrx_word' id='word_1_455' title='bbox 592 2733 652 2788; x_wconf 90' lang='lat' dir='ltr'>erit.</span> <span class='ocrx_word' id='word_1_456' title='bbox 673 2733 726 2786; x_wconf 85' lang='lat' dir='ltr'>Sed</span> <span class='ocrx_word' id='word_1_457' title='bbox 746 2730 848 2784; x_wconf 82' lang='lat' dir='ltr'>nullnr&#39;ss</span> <span class='ocrx_word' id='word_1_458' title='bbox 866 2731 937 2785; x_wconf 88' lang='lat' dir='ltr'>aliud</span> <span class='ocrx_word' id='word_1_459' title='bbox 950 2749 1030 2802; x_wconf 84' lang='lat' dir='ltr'>quarn</span> <span class='ocrx_word' id='word_1_460' title='bbox 1080 2743 1128 2780; x_wconf 78' lang='lat' dir='ltr'>uus</span> <span class='ocrx_word' id='word_1_461' title='bbox 1146 2726 1281 2782; x_wconf 79' lang='lat' dir='ltr'>fundatam</span> <span class='ocrx_word' id='word_1_462' title='bbox 1300 2730 1381 2784; x_wconf 63' lang='lat' dir='ltr'>,habet</span> <span class='ocrx_word' id='word_1_463' title='bbox 1400 2732 1586 2788; x_wconf 81' lang='lat' dir='ltr'>intentionem.</span> 
     </span>
    </p>

    <p class='ocr_par' dir='ltr' id='par_1_7' title="bbox 202 2810 1958 2894">
     <span class='ocr_line' id='line_1_32' title="bbox 202 2810 1958 2894; baseline 0.001 -22"><span class='ocrx_word' id='word_1_464' title='bbox 202 2825 354 2872; x_wconf 84' lang='lat' dir='ltr'>contractos</span> <span class='ocrx_word' id='word_1_465' title='bbox 375 2819 507 2874; x_wconf 85' lang='lat' dir='ltr'>rincolnrn</span> <span class='ocrx_word' id='word_1_466' title='bbox 528 2819 600 2874; x_wconf 89' lang='lat' dir='ltr'>inter</span> <span class='ocrx_word' id='word_1_467' title='bbox 618 2819 756 2873; x_wconf 82' lang='lat' dir='ltr'>dominum</span> <span class='ocrx_word' id='word_1_468' title='bbox 775 2827 804 2870; x_wconf 89' lang='lat' dir='ltr'>et</span> <span class='ocrx_word' id='word_1_469' title='bbox 820 2835 923 2872; x_wconf 80' lang='lat' dir='ltr'>serrum</span> <span class='ocrx_word' id='word_1_470' title='bbox 949 2816 1031 2870; x_wconf 89' lang='lat' dir='ltr'>bodie</span> <span class='ocrx_word' id='word_1_471' title='bbox 1114 2810 1136 2875; x_wconf 74' lang='grc'><strong>5.</strong></span> <span class='ocrx_word' id='word_1_472' title='bbox 1156 2813 1202 2861; x_wconf 61' lang='lat' dir='ltr'>tt.v</span> <span class='ocrx_word' id='word_1_473' title='bbox 1221 2811 1325 2866; x_wconf 75' lang='lat' dir='ltr'>Praeter</span> <span class='ocrx_word' id='word_1_474' title='bbox 1343 2813 1422 2874; x_wconf 81' lang='lat' dir='ltr'>baec.</span> <span class='ocrx_word' id='word_1_475' title='bbox 1441 2830 1579 2886; x_wconf 81' lang='lat' dir='ltr'>antequam</span> <span class='ocrx_word' id='word_1_476' title='bbox 1601 2819 1633 2872; x_wconf 85' lang='lat' dir='ltr'>ad</span> <span class='ocrx_word' id='word_1_477' title='bbox 1653 2823 1754 2894; x_wconf 76' lang='lat' dir='ltr'>reliqna</span> <span class='ocrx_word' id='word_1_478' title='bbox 1780 2843 1823 2880; x_wconf 80' lang='lat' dir='ltr'>sne</span> <span class='ocrx_word' id='word_1_479' title='bbox 1838 2843 1899 2882; x_wconf 68' lang='lat' dir='ltr'>eon.</span> <span class='ocrx_word' id='word_1_480' title='bbox 1921 2831 1958 2880; x_wconf 76' lang='lat'>15</span> 
     </span>
    </p>

    <p class='ocr_par' dir='ltr' id='par_1_8' title="bbox 201 2891 1903 2982">
     <span class='ocr_line' id='line_1_33' title="bbox 201 2891 1903 2982; baseline 0.006 -25"><span class='ocrx_word' id='word_1_481' title='bbox 201 2909 273 2969; x_wconf 85' lang='lat' dir='ltr'>essa,</span> <span class='ocrx_word' id='word_1_482' title='bbox 292 2905 347 2971; x_wconf 85' lang='lat' dir='ltr'>jam</span> <span class='ocrx_word' id='word_1_483' title='bbox 366 2915 426 2958; x_wconf 88' lang='lat' dir='ltr'>ante</span> <span class='ocrx_word' id='word_1_484' title='bbox 442 2901 662 2958; x_wconf 84' lang='lat' dir='ltr'>demonstratum.</span> <span class='ocrx_word' id='word_1_485' title='bbox 683 2903 764 2972; x_wconf 79' lang='lat' dir='ltr'>tiqui</span> <span class='ocrx_word' id='word_1_486' title='bbox 784 2917 844 2955; x_wconf 86' lang='lat' dir='ltr'>voro</span> <span class='ocrx_word' id='word_1_487' title='bbox 863 2917 911 2973; x_wconf 88' lang='lat' dir='ltr'>per</span> <span class='ocrx_word' id='word_1_488' title='bbox 923 2913 1029 2956; x_wconf 91' lang='lat' dir='ltr'>contra·</span> <span class='ocrx_word' id='word_1_489' title='bbox 1079 2891 1178 2960; x_wconf 60' lang='lat' dir='ltr'>smmi</span> <span class='ocrx_word' id='word_1_490' title='bbox 1198 2894 1263 2946; x_wconf 61' lang='lat'><strong>“¹⁰¹¹</strong></span> <span class='ocrx_word' id='word_1_491' title='bbox 1276 2894 1361 2954; x_wconf 73' lang='lat' dir='ltr'>stibuc</span> <span class='ocrx_word' id='word_1_492' title='bbox 1376 2895 1613 2956; x_wconf 52' lang='lat' dir='ltr'>antecantamenta</span> <span class='ocrx_word' id='word_1_493' title='bbox 1627 2905 1728 2960; x_wconf 86' lang='lat' dir='ltr'>dictura</span> <span class='ocrx_word' id='word_1_494' title='bbox 1742 2907 1903 2982; x_wconf 79' lang='lat' dir='ltr'>sit§.prns·</span> 
     </span>
    </p>
   </div>
   <div class='ocr_carea' id='block_1_4' title="bbox 147 2977 1999 5672">
    <p class='ocr_par' dir='ltr' id='par_1_9' title="bbox 147 2977 1999 5672">
     <span class='ocr_line' id='line_1_34' title="bbox 201 2977 1898 3056; baseline 0.002 -14"><span class='ocrx_word' id='word_1_495' title='bbox 201 2995 272 3042; x_wconf 81' lang='lat' dir='ltr'>unm</span> <span class='ocrx_word' id='word_1_496' title='bbox 292 2998 320 3038; x_wconf 87' lang='lat' dir='ltr'>se</span> <span class='ocrx_word' id='word_1_497' title='bbox 337 2986 453 3056; x_wconf 86' lang='lat' dir='ltr'>aliquem</span> <span class='ocrx_word' id='word_1_498' title='bbox 466 2986 498 3042; x_wconf 80' lang='lat' dir='ltr'>ad</span> <span class='ocrx_word' id='word_1_499' title='bbox 511 2988 617 3042; x_wconf 81' lang='lat' dir='ltr'>verissra</span> <span class='ocrx_word' id='word_1_500' title='bbox 629 2986 748 3056; x_wconf 78' lang='lat' dir='ltr'>obligare</span> <span class='ocrx_word' id='word_1_501' title='bbox 760 3003 851 3056; x_wconf 86' lang='lat' dir='ltr'>posse,</span> <span class='ocrx_word' id='word_1_502' title='bbox 866 3001 918 3040; x_wconf 88' lang='lat' dir='ltr'>nnn</span> <span class='ocrx_word' id='word_1_503' title='bbox 932 2983 1029 3038; x_wconf 81' lang='lat' dir='ltr'>adrnir-</span> <span class='ocrx_word' id='word_1_504' title='bbox 1078 2977 1132 3030; x_wconf 76' lang='lat' dir='ltr'>ceci.</span> <span class='ocrx_word' id='word_1_505' title='bbox 1151 2994 1239 3032; x_wconf 91' lang='lat' dir='ltr'>servos</span> <span class='ocrx_word' id='word_1_506' title='bbox 1256 2978 1336 3032; x_wconf 86' lang='lat' dir='ltr'>bodie</span> <span class='ocrx_word' id='word_1_507' title='bbox 1353 2981 1385 3032; x_wconf 89' lang='lat' dir='ltr'>ad</span> <span class='ocrx_word' id='word_1_508' title='bbox 1403 2999 1498 3050; x_wconf 89' lang='lat' dir='ltr'>operas</span> <span class='ocrx_word' id='word_1_509' title='bbox 1518 2989 1684 3055; x_wconf 70' lang='lat' dir='ltr'>ousequtvtea</span> <span class='ocrx_word' id='word_1_510' title='bbox 1697 3001 1724 3043; x_wconf 92' lang='lat' dir='ltr'>et</span> <span class='ocrx_word' id='word_1_511' title='bbox 1738 2995 1846 3048; x_wconf 77' lang='lat' dir='ltr'>seri-itis</span> <span class='ocrx_word' id='word_1_512' title='bbox 1859 2997 1898 3046; x_wconf 90' lang='lat' dir='ltr'>ci-</span> 
     </span>
     <span class='ocr_line' id='line_1_35' title="bbox 199 3062 1901 3146; baseline -0.005 -18"><span class='ocrx_word' id='word_1_513' title='bbox 199 3073 236 3128; x_wconf 85' lang='lat' dir='ltr'>iii</span> <span class='ocrx_word' id='word_1_514' title='bbox 251 3071 320 3142; x_wconf 85' lang='lat' dir='ltr'>juris</span> <span class='ocrx_word' id='word_1_515' title='bbox 338 3072 425 3136; x_wconf 88' lang='lat' dir='ltr'>ratio,</span> <span class='ocrx_word' id='word_1_516' title='bbox 442 3089 501 3140; x_wconf 63' lang='lat' dir='ltr'>avg.</span> <span class='ocrx_word' id='word_1_517' title='bbox 520 3071 540 3124; x_wconf 85' lang='lat' dir='ltr'>i.</span> <span class='ocrx_word' id='word_1_518' title='bbox 561 3072 614 3123; x_wconf 75' lang='lat'>13.¹</span> <span class='ocrx_word' id='word_1_519' title='bbox 613 3067 654 3140; x_wconf 67' lang='lat' dir='ltr'><strong><em>j</em></strong></span> <span class='ocrx_word' id='word_1_520' title='bbox 680 3071 720 3124; x_wconf 85' lang='lat' dir='ltr'>nd</span> <span class='ocrx_word' id='word_1_521' title='bbox 747 3069 765 3119; x_wconf 87' lang='lat'>1.</span> <span class='ocrx_word' id='word_1_522' title='bbox 791 3069 875 3139; x_wconf 76' lang='lat' dir='ltr'>aquil</span> <span class='ocrx_word' id='word_1_523' title='bbox 902 3069 1028 3140; x_wconf 82' lang='lat' dir='ltr'>Quamris</span> <span class='ocrx_word' id='word_1_524' title='bbox 1077 3062 1141 3118; x_wconf 82' lang='lat' dir='ltr'>silis</span> <span class='ocrx_word' id='word_1_525' title='bbox 1161 3062 1268 3130; x_wconf 65' lang='lat' dir='ltr'>teneriq‘</span> <span class='ocrx_word' id='word_1_526' title='bbox 1282 3065 1389 3117; x_wconf 86' lang='lat' dir='ltr'>eosdem</span> <span class='ocrx_word' id='word_1_527' title='bbox 1409 3067 1492 3119; x_wconf 89' lang='lat' dir='ltr'>nimia</span> <span class='ocrx_word' id='word_1_528' title='bbox 1510 3085 1557 3120; x_wconf 82' lang='lat' dir='ltr'>sua</span> <span class='ocrx_word' id='word_1_529' title='bbox 1583 3073 1709 3129; x_wconf 68' lang='lat' dir='ltr'>civilitate</span> <span class='ocrx_word' id='word_1_530' title='bbox 1738 3087 1814 3146; x_wconf 70' lang='lat' dir='ltr'>atque</span> <span class='ocrx_word' id='word_1_531' title='bbox 1838 3079 1901 3132; x_wconf 65' lang='lat' dir='ltr'><strong>ob..</strong></span> 
     </span>
     <span class='ocr_line' id='line_1_36' title="bbox 199 3147 1902 3232; baseline -0.001 -19"><span class='ocrx_word' id='word_1_532' title='bbox 199 3157 388 3227; x_wconf 69' lang='lat' dir='ltr'>obligationem</span> <span class='ocrx_word' id='word_1_533' title='bbox 405 3155 440 3208; x_wconf 92' lang='lat' dir='ltr'>ad</span> <span class='ocrx_word' id='word_1_534' title='bbox 460 3169 590 3208; x_wconf 88' lang='lat' dir='ltr'>carcerem</span> <span class='ocrx_word' id='word_1_535' title='bbox 609 3151 751 3206; x_wconf 73' lang='lat' dir='ltr'>concedam</span> <span class='ocrx_word' id='word_1_536' title='bbox 772 3168 829 3210; x_wconf 78' lang='lat' dir='ltr'>esse</span> <span class='ocrx_word' id='word_1_537' title='bbox 846 3153 956 3216; x_wconf 84' lang='lat' dir='ltr'>licitum,</span> <span class='ocrx_word' id='word_1_538' title='bbox 968 3169 1028 3210; x_wconf 84' lang='lat' dir='ltr'>cnm</span> <span class='ocrx_word' id='word_1_539' title='bbox 1078 3147 1178 3200; x_wconf 87' lang='lat' dir='ltr'>dientia</span> <span class='ocrx_word' id='word_1_540' title='bbox 1198 3149 1250 3201; x_wconf 79' lang='lat' dir='ltr'>silai</span> <span class='ocrx_word' id='word_1_541' title='bbox 1270 3159 1333 3202; x_wconf 87' lang='lat' dir='ltr'>tnnc</span> <span class='ocrx_word' id='word_1_542' title='bbox 1351 3165 1457 3212; x_wconf 65' lang='lat' dir='ltr'>noceret</span> <span class='ocrx_word' id='word_1_543' title='bbox 1478 3151 1548 3204; x_wconf 87' lang='lat' dir='ltr'>siin</span> <span class='ocrx_word' id='word_1_544' title='bbox 1568 3152 1622 3219; x_wconf 92' lang='lat' dir='ltr'>iis,</span> <span class='ocrx_word' id='word_1_545' title='bbox 1641 3157 1753 3224; x_wconf 91' lang='lat' dir='ltr'>quaein</span> <span class='ocrx_word' id='word_1_546' title='bbox 1772 3175 1801 3212; x_wconf 87' lang='lat' dir='ltr'>sa</span> <span class='ocrx_word' id='word_1_547' title='bbox 1816 3163 1902 3232; x_wconf 86' lang='lat' dir='ltr'>turpia</span> 
     </span>
     <span class='ocr_line' id='line_1_37' title="bbox 200 3229 1999 3314; baseline -0.002 -19"><span class='ocrx_word' id='word_1_548' title='bbox 200 3241 296 3314; x_wconf 69' lang='lat' dir='ltr'>ttttttg.</span> <span class='ocrx_word' id='word_1_549' title='bbox 314 3245 343 3294; x_wconf 85' lang='lat' dir='ltr'>s&#39;n</span> <span class='ocrx_word' id='word_1_550' title='bbox 364 3239 510 3295; x_wconf 71' lang='lat' dir='ltr'>bonelli.</span> <span class='ocrx_word' id='word_1_551' title='bbox 528 3240 573 3290; x_wconf 77' lang='lat' dir='ltr'>ut.</span> <span class='ocrx_word' id='word_1_552' title='bbox 590 3253 648 3308; x_wconf 77' lang='lat' dir='ltr'>cup.</span> <span class='ocrx_word' id='word_1_553' title='bbox 667 3238 693 3289; x_wconf 81' lang='grc'><strong>9.</strong></span> <span class='ocrx_word' id='word_1_554' title='bbox 711 3235 1029 3296; x_wconf 71' lang='lat' dir='ltr'>lis-s.atdn.t’raes.ide</span> <span class='ocrx_word' id='word_1_555' title='bbox 1077 3229 1193 3300; x_wconf 88' lang='lat' dir='ltr'>alioquin</span> <span class='ocrx_word' id='word_1_556' title='bbox 1212 3241 1290 3301; x_wconf 87' lang='lat' dir='ltr'>atque</span> <span class='ocrx_word' id='word_1_557' title='bbox 1308 3231 1401 3286; x_wconf 89' lang='lat' dir='ltr'>illicita</span> <span class='ocrx_word' id='word_1_558' title='bbox 1415 3233 1664 3304; x_wconf 82' lang='lat' dir='ltr'>suut,ol›seqninrn</span> <span class='ocrx_word' id='word_1_559' title='bbox 1679 3251 1819 3308; x_wconf 85' lang='lat' dir='ltr'>praestent.</span> <span class='ocrx_word' id='word_1_560' title='bbox 1833 3243 1899 3300; x_wconf 79' lang='lat' dir='ltr'>Cum</span> <span class='ocrx_word' id='word_1_561' title='bbox 1990 3261 1999 3276; x_wconf 73' lang='lat'>=</span> 
     </span>
     <span class='ocr_line' id='line_1_38' title="bbox 201 3316 1898 3392; baseline 0.001 -14"><span class='ocrx_word' id='word_1_562' title='bbox 201 3325 234 3378; x_wconf 86' lang='lat' dir='ltr'>sie</span> <span class='ocrx_word' id='word_1_563' title='bbox 252 3335 325 3379; x_wconf 81' lang='lat' dir='ltr'>enat.</span> <span class='ocrx_word' id='word_1_564' title='bbox 341 3331 546 3378; x_wconf 70' lang='lat' dir='ltr'>contenet-sect.</span> <span class='ocrx_word' id='word_1_565' title='bbox 566 3323 592 3375; x_wconf 72' lang='lat'>2.</span> <span class='ocrx_word' id='word_1_566' title='bbox 615 3339 675 3392; x_wconf 85' lang='lat' dir='ltr'>cop.</span> <span class='ocrx_word' id='word_1_567' title='bbox 695 3321 720 3372; x_wconf 91' lang='grc'>1.</span> <span class='ocrx_word' id='word_1_568' title='bbox 739 3322 761 3387; x_wconf 77' lang='grc'><strong>5.</strong></span> <span class='ocrx_word' id='word_1_569' title='bbox 781 3321 825 3372; x_wconf 79' lang='lat' dir='ltr'>dli.</span> <span class='ocrx_word' id='word_1_570' title='bbox 844 3317 918 3372; x_wconf 86' lang='lat' dir='ltr'>Licet</span> <span class='ocrx_word' id='word_1_571' title='bbox 931 3320 1028 3374; x_wconf 90' lang='lat' dir='ltr'>roultos</span> <span class='ocrx_word' id='word_1_572' title='bbox 1075 3316 1108 3369; x_wconf 89' lang='lat' dir='ltr'>ad</span> <span class='ocrx_word' id='word_1_573' title='bbox 1129 3317 1192 3372; x_wconf 86' lang='lat' dir='ltr'>baec</span> <span class='ocrx_word' id='word_1_574' title='bbox 1210 3316 1313 3370; x_wconf 85' lang='lat' dir='ltr'>domini</span> <span class='ocrx_word' id='word_1_575' title='bbox 1331 3327 1451 3386; x_wconf 85' lang='lat' dir='ltr'>potestas</span> <span class='ocrx_word' id='word_1_576' title='bbox 1470 3335 1498 3372; x_wconf 88' lang='lat' dir='ltr'>se</span> <span class='ocrx_word' id='word_1_577' title='bbox 1517 3336 1569 3372; x_wconf 91' lang='lat' dir='ltr'>non</span> <span class='ocrx_word' id='word_1_578' title='bbox 1588 3323 1719 3377; x_wconf 78' lang='lat' dir='ltr'>extcoilat.</span> <span class='ocrx_word' id='word_1_579' title='bbox 1747 3327 1826 3382; x_wconf 86' lang='lat' dir='ltr'>iinda</span> <span class='ocrx_word' id='word_1_580' title='bbox 1851 3347 1898 3382; x_wconf 86' lang='lat' dir='ltr'>oo·</span> 
     </span>
     <span class='ocr_line' id='line_1_39' title="bbox 198 3402 1901 3476; baseline -0.001 -16"><span class='ocrx_word' id='word_1_581' title='bbox 198 3407 245 3460; x_wconf 83' lang='lat' dir='ltr'>iric</span> <span class='ocrx_word' id='word_1_582' title='bbox 262 3405 401 3460; x_wconf 87' lang='lat' dir='ltr'>dissentire</span> <span class='ocrx_word' id='word_1_583' title='bbox 418 3405 493 3459; x_wconf 80' lang='lat' dir='ltr'>mitt·</span> <span class='ocrx_word' id='word_1_584' title='bbox 506 3405 627 3474; x_wconf 70' lang='lat' dir='ltr'>ignotum</span> <span class='ocrx_word' id='word_1_585' title='bbox 648 3420 700 3456; x_wconf 89' lang='lat' dir='ltr'>non</span> <span class='ocrx_word' id='word_1_586' title='bbox 720 3404 770 3457; x_wconf 93' lang='lat' dir='ltr'>ait.&#39;</span> <span class='ocrx_word' id='word_1_587' title='bbox 787 3403 817 3458; x_wconf 82' lang='lat' dir='ltr'>Si</span> <span class='ocrx_word' id='word_1_588' title='bbox 836 3420 898 3472; x_wconf 75' lang='lat' dir='ltr'>ergo</span> <span class='ocrx_word' id='word_1_589' title='bbox 922 3415 1026 3458; x_wconf 81' lang='lat' dir='ltr'>crantra·</span> <span class='ocrx_word' id='word_1_590' title='bbox 1074 3413 1146 3456; x_wconf 86' lang='lat' dir='ltr'>ceret</span> <span class='ocrx_word' id='word_1_591' title='bbox 1164 3402 1215 3457; x_wconf 91' lang='lat' dir='ltr'>sibi</span> <span class='ocrx_word' id='word_1_592' title='bbox 1232 3419 1323 3458; x_wconf 90' lang='lat' dir='ltr'>sersus</span> <span class='ocrx_word' id='word_1_593' title='bbox 1340 3421 1419 3474; x_wconf 88' lang='lat' dir='ltr'>qnam</span> <span class='ocrx_word' id='word_1_594' title='bbox 1439 3405 1570 3474; x_wconf 79' lang='lat' dir='ltr'>merisne,</span> <span class='ocrx_word' id='word_1_595' title='bbox 1590 3409 1612 3458; x_wconf 88' lang='lat' dir='ltr'>si</span> <span class='ocrx_word' id='word_1_596' title='bbox 1632 3407 1741 3464; x_wconf 78' lang='lat' dir='ltr'>donnino</span> <span class='ocrx_word' id='word_1_597' title='bbox 1755 3411 1823 3476; x_wconf 64' lang='lat' dir='ltr'>inere</span> <span class='ocrx_word' id='word_1_598' title='bbox 1833 3430 1901 3469; x_wconf 66' lang='lat'><em>0011.</em></span> 
     </span>
     <span class='ocr_line' id='line_1_40' title="bbox 198 3487 1896 3558; baseline -0.003 -12"><span class='ocrx_word' id='word_1_599' title='bbox 198 3494 307 3546; x_wconf 86' lang='lat' dir='ltr'>ctusad</span> <span class='ocrx_word' id='word_1_600' title='bbox 327 3493 434 3547; x_wconf 87' lang='lat' dir='ltr'>verbera</span> <span class='ocrx_word' id='word_1_601' title='bbox 453 3490 640 3544; x_wconf 80' lang='lat' dir='ltr'>sceatenders</span> <span class='ocrx_word' id='word_1_602' title='bbox 659 3504 711 3541; x_wconf 87' lang='lat' dir='ltr'>con</span> <span class='ocrx_word' id='word_1_603' title='bbox 732 3488 815 3550; x_wconf 86' lang='lat' dir='ltr'>salet,</span> <span class='ocrx_word' id='word_1_604' title='bbox 835 3489 937 3539; x_wconf 90' lang='lat' dir='ltr'>nuilurn</span> <span class='ocrx_word' id='word_1_605' title='bbox 960 3487 1025 3540; x_wconf 78' lang='lat' dir='ltr'>iuci-</span> <span class='ocrx_word' id='word_1_606' title='bbox 1078 3497 1116 3538; x_wconf 93' lang='lat' dir='ltr'>tra</span> <span class='ocrx_word' id='word_1_607' title='bbox 1140 3487 1313 3556; x_wconf 77' lang='lat' dir='ltr'>injuriantem</span> <span class='ocrx_word' id='word_1_608' title='bbox 1337 3488 1476 3558; x_wconf 78' lang='lat' dir='ltr'>quemdam·</span> <span class='ocrx_word' id='word_1_609' title='bbox 1507 3489 1546 3543; x_wconf 91' lang='lat' dir='ltr'>ira</span> <span class='ocrx_word' id='word_1_610' title='bbox 1577 3489 1696 3556; x_wconf 81' lang='lat' dir='ltr'>incenso,</span> <span class='ocrx_word' id='word_1_611' title='bbox 1726 3512 1757 3552; x_wconf 77' lang='lat' dir='ltr'>ac</span> <span class='ocrx_word' id='word_1_612' title='bbox 1785 3509 1811 3553; x_wconf 78' lang='lat' dir='ltr'>ut</span> <span class='ocrx_word' id='word_1_613' title='bbox 1836 3517 1896 3556; x_wconf 58' lang='lat' dir='ltr'>,um</span> 
     </span>
     <span class='ocr_line' id='line_1_41' title="bbox 197 3568 1899 3648; baseline -0.001 -18"><span class='ocrx_word' id='word_1_614' title='bbox 197 3579 271 3630; x_wconf 83' lang='lat' dir='ltr'>noris</span> <span class='ocrx_word' id='word_1_615' title='bbox 286 3577 327 3630; x_wconf 81' lang='lat' dir='ltr'>sni</span> <span class='ocrx_word' id='word_1_616' title='bbox 347 3575 457 3631; x_wconf 88' lang='lat' dir='ltr'>habebit</span> <span class='ocrx_word' id='word_1_617' title='bbox 473 3575 583 3629; x_wconf 84' lang='lat' dir='ltr'>titulum</span> <span class='ocrx_word' id='word_1_618' title='bbox 602 3573 733 3626; x_wconf 85' lang='lat' dir='ltr'>dominus.</span> <span class='ocrx_word' id='word_1_619' title='bbox 745 3571 801 3626; x_wconf 84' lang='lat' dir='ltr'>Nee</span> <span class='ocrx_word' id='word_1_620' title='bbox 814 3571 941 3644; x_wconf 83' lang='lat' dir='ltr'>praesidii</span> <span class='ocrx_word' id='word_1_621' title='bbox 955 3573 1027 3643; x_wconf 83' lang='lat' dir='ltr'>quie-</span> <span class='ocrx_word' id='word_1_622' title='bbox 1075 3569 1231 3638; x_wconf 85' lang='lat' dir='ltr'>injuriantis</span> <span class='ocrx_word' id='word_1_623' title='bbox 1249 3585 1329 3648; x_wconf 70' lang='lat' dir='ltr'>usore</span> <span class='ocrx_word' id='word_1_624' title='bbox 1346 3568 1504 3627; x_wconf 81' lang='lat' dir='ltr'>adulterium</span> <span class='ocrx_word' id='word_1_625' title='bbox 1526 3587 1613 3628; x_wconf 61' lang='lat' dir='ltr'>surus</span> <span class='ocrx_word' id='word_1_626' title='bbox 1630 3579 1822 3648; x_wconf 79' lang='lat' dir='ltr'>committeret,</span> <span class='ocrx_word' id='word_1_627' title='bbox 1837 3598 1899 3636; x_wconf 73' lang='lat' dir='ltr'>sn..</span> 
     </span>
     <span class='ocr_line' id='line_1_42' title="bbox 199 3653 1901 3732; baseline -0.004 -17"><span class='ocrx_word' id='word_1_628' title='bbox 199 3677 276 3732; x_wconf 87' lang='lat' dir='ltr'>quam</span> <span class='ocrx_word' id='word_1_629' title='bbox 295 3662 326 3714; x_wconf 84' lang='lat' dir='ltr'>ist</span> <span class='ocrx_word' id='word_1_630' title='bbox 344 3663 361 3713; x_wconf 88' lang='lat' dir='ltr'>l.</span> <span class='ocrx_word' id='word_1_631' title='bbox 380 3679 430 3712; x_wconf 86' lang='lat' dir='ltr'>un.</span> <span class='ocrx_word' id='word_1_632' title='bbox 448 3657 636 3714; x_wconf 82' lang='lat' dir='ltr'>odeemend.</span> <span class='ocrx_word' id='word_1_633' title='bbox 654 3671 726 3710; x_wconf 86' lang='lat' dir='ltr'>serv.</span> <span class='ocrx_word' id='word_1_634' title='bbox 755 3657 915 3708; x_wconf 87' lang='lat' dir='ltr'>llaecenim</span> <span class='ocrx_word' id='word_1_635' title='bbox 927 3659 1027 3710; x_wconf 87' lang='lat' dir='ltr'>sanctio</span> <span class='ocrx_word' id='word_1_636' title='bbox 1075 3653 1147 3705; x_wconf 90' lang='lat' dir='ltr'>denti</span> <span class='ocrx_word' id='word_1_637' title='bbox 1166 3671 1196 3706; x_wconf 87' lang='lat' dir='ltr'>ac</span> <span class='ocrx_word' id='word_1_638' title='bbox 1215 3653 1352 3706; x_wconf 84' lang='lat' dir='ltr'>mandanti</span> <span class='ocrx_word' id='word_1_639' title='bbox 1369 3657 1602 3724; x_wconf 82' lang='lat' dir='ltr'>ombtsmperaret,</span> <span class='ocrx_word' id='word_1_640' title='bbox 1624 3659 1752 3715; x_wconf 87' lang='lat' dir='ltr'>delictum</span> <span class='ocrx_word' id='word_1_641' title='bbox 1776 3665 1901 3720; x_wconf 83' lang='lat' dir='ltr'>bocere.</span> 
     </span>
     <span class='ocr_line' id='line_1_43' title="bbox 182 3737 1900 3819; baseline 0.029 -68"><span class='ocrx_word' id='word_1_642' title='bbox 182 3743 261 3799; x_wconf 64' lang='lat' dir='ltr'>,enm</span> <span class='ocrx_word' id='word_1_643' title='bbox 281 3745 364 3798; x_wconf 80' lang='lat' dir='ltr'>serris</span> <span class='ocrx_word' id='word_1_644' title='bbox 382 3743 483 3797; x_wconf 86' lang='lat' dir='ltr'>nostris</span> <span class='ocrx_word' id='word_1_645' title='bbox 502 3739 573 3796; x_wconf 86' lang='lat' dir='ltr'>nihil</span> <span class='ocrx_word' id='word_1_646' title='bbox 590 3755 728 3792; x_wconf 85' lang='lat' dir='ltr'>commune</span> <span class='ocrx_word' id='word_1_647' title='bbox 755 3737 848 3802; x_wconf 69' lang='lat' dir='ltr'>habete</span> <span class='ocrx_word' id='word_1_648' title='bbox 878 3739 947 3790; x_wconf 85' lang='lat' dir='ltr'>unde</span> <span class='ocrx_word' id='word_1_649' title='bbox 971 3740 1024 3792; x_wconf 89' lang='lat' dir='ltr'>cisi</span> <span class='ocrx_word' id='word_1_650' title='bbox 1074 3737 1256 3806; x_wconf 64' lang='lat' dir='ltr'>quendoenee</span> <span class='ocrx_word' id='word_1_651' title='bbox 1267 3737 1405 3791; x_wconf 83' lang='lat' dir='ltr'>civilitatis</span> <span class='ocrx_word' id='word_1_652' title='bbox 1417 3747 1494 3808; x_wconf 87' lang='lat' dir='ltr'>atque</span> <span class='ocrx_word' id='word_1_653' title='bbox 1506 3745 1666 3796; x_wconf 84' lang='lat' dir='ltr'>reverentiae</span> <span class='ocrx_word' id='word_1_654' title='bbox 1679 3744 1783 3799; x_wconf 89' lang='lat' dir='ltr'>debitae</span> <span class='ocrx_word' id='word_1_655' title='bbox 1803 3763 1900 3819; x_wconf 83' lang='lat' dir='ltr'>praese-</span> 
     </span>
     <span class='ocr_line' id='line_1_44' title="bbox 200 3820 1897 3904; baseline -0.001 -20"><span class='ocrx_word' id='word_1_656' title='bbox 200 3829 317 3888; x_wconf 87' lang='lat' dir='ltr'>edncatio</span> <span class='ocrx_word' id='word_1_657' title='bbox 336 3829 404 3881; x_wconf 88' lang='lat' dir='ltr'>servi</span> <span class='ocrx_word' id='word_1_658' title='bbox 430 3827 472 3882; x_wconf 92' lang='lat' dir='ltr'>vel</span> <span class='ocrx_word' id='word_1_659' title='bbox 497 3835 600 3882; x_wconf 87' lang='lat' dir='ltr'>servne&#39;</span> <span class='ocrx_word' id='word_1_660' title='bbox 609 3823 725 3892; x_wconf 85' lang='lat' dir='ltr'>junioris</span> <span class='ocrx_word' id='word_1_661' title='bbox 750 3820 820 3875; x_wconf 84' lang='lat' dir='ltr'>torta</span> <span class='ocrx_word' id='word_1_662' title='bbox 838 3841 851 3876; x_wconf 87' lang='lat' dir='ltr'>a</span> <span class='ocrx_word' id='word_1_663' title='bbox 871 3822 1026 3892; x_wconf 83' lang='lat' dir='ltr'>parentibus</span> <span class='ocrx_word' id='word_1_664' title='bbox 1073 3833 1134 3878; x_wconf 80' lang='lat' dir='ltr'>atne</span> <span class='ocrx_word' id='word_1_665' title='bbox 1153 3842 1212 3880; x_wconf 88' lang='lat' dir='ltr'>eum</span> <span class='ocrx_word' id='word_1_666' title='bbox 1231 3842 1246 3880; x_wconf 85' lang='lat' dir='ltr'>a</span> <span class='ocrx_word' id='word_1_667' title='bbox 1265 3841 1347 3894; x_wconf 88' lang='lat' dir='ltr'>poena</span> <span class='ocrx_word' id='word_1_668' title='bbox 1364 3823 1491 3888; x_wconf 84' lang='lat' dir='ltr'>adulterii</span> <span class='ocrx_word' id='word_1_669' title='bbox 1516 3827 1649 3880; x_wconf 74' lang='lat' dir='ltr'>ordinaria</span> <span class='ocrx_word' id='word_1_670' title='bbox 1685 3829 1817 3886; x_wconf 88' lang='lat' dir='ltr'>liberabit.</span> <span class='ocrx_word' id='word_1_671' title='bbox 1838 3835 1897 3904; x_wconf 69' lang='lat' dir='ltr'>Qu.</span> 
     </span>
     <span class='ocr_line' id='line_1_45' title="bbox 201 3895 1899 3978; baseline -0.008 -8"><span class='ocrx_word' id='word_1_672' title='bbox 201 3917 311 3970; x_wconf 88' lang='lat' dir='ltr'>domino</span> <span class='ocrx_word' id='word_1_673' title='bbox 322 3913 409 3966; x_wconf 80' lang='lat' dir='ltr'>&#39;simul</span> <span class='ocrx_word' id='word_1_674' title='bbox 428 3895 587 3973; x_wconf 49' lang='lat' dir='ltr'>commissa:</span> <span class='ocrx_word' id='word_1_675' title='bbox 604 3905 760 3964; x_wconf 77' lang='lat' dir='ltr'>verberandi</span> <span class='ocrx_word' id='word_1_676' title='bbox 780 3904 886 3960; x_wconf 78' lang='lat' dir='ltr'>neotus</span> <span class='ocrx_word' id='word_1_677' title='bbox 903 3907 1024 3972; x_wconf 68' lang='lat' dir='ltr'>cessabitc</span> <span class='ocrx_word' id='word_1_678' title='bbox 1074 3906 1175 3960; x_wconf 86' lang='lat' dir='ltr'>ratione</span> <span class='ocrx_word' id='word_1_679' title='bbox 1185 3914 1317 3962; x_wconf 86' lang='lat' dir='ltr'>oratorem</span> <span class='ocrx_word' id='word_1_680' title='bbox 1329 3906 1481 3975; x_wconf 80' lang='lat' dir='ltr'>quemdam,</span> <span class='ocrx_word' id='word_1_681' title='bbox 1491 3907 1536 3978; x_wconf 91' lang='lat' dir='ltr'>qui</span> <span class='ocrx_word' id='word_1_682' title='bbox 1550 3907 1708 3964; x_wconf 77' lang='lat' dir='ltr'>defendenti</span> <span class='ocrx_word' id='word_1_683' title='bbox 1730 3912 1822 3968; x_wconf 77' lang='lat' dir='ltr'>liberti</span> <span class='ocrx_word' id='word_1_684' title='bbox 1838 3933 1899 3968; x_wconf 61' lang='lat'>03⁰.</span> 
     </span>
     <span class='ocr_line' id='line_1_46' title="bbox 199 3990 1896 4070; baseline -0.003 -17"><span class='ocrx_word' id='word_1_685' title='bbox 199 3999 300 4070; x_wconf 79' lang='lat' dir='ltr'>alioqui</span> <span class='ocrx_word' id='word_1_686' title='bbox 316 4013 349 4050; x_wconf 86' lang='lat' dir='ltr'>cr</span> <span class='ocrx_word' id='word_1_687' title='bbox 368 3997 428 4064; x_wconf 84' lang='lat' dir='ltr'>inre</span> <span class='ocrx_word' id='word_1_688' title='bbox 448 3995 523 4066; x_wconf 90' lang='lat' dir='ltr'>qnasi</span> <span class='ocrx_word' id='word_1_689' title='bbox 541 4009 614 4047; x_wconf 89' lang='lat' dir='ltr'>cesso</span> <span class='ocrx_word' id='word_1_690' title='bbox 634 3993 685 4045; x_wconf 92' lang='lat' dir='ltr'>sibi</span> <span class='ocrx_word' id='word_1_691' title='bbox 706 3990 862 4044; x_wconf 84' lang='lat' dir='ltr'>rindieabit.</span> <span class='ocrx_word' id='word_1_692' title='bbox 1073 4008 1101 4043; x_wconf 93' lang='lat' dir='ltr'>sa</span> <span class='ocrx_word' id='word_1_693' title='bbox 1118 3993 1317 4053; x_wconf 78' lang='lat' dir='ltr'>enunciaverat,</span> <span class='ocrx_word' id='word_1_694' title='bbox 1337 4003 1458 4062; x_wconf 75' lang='lat' dir='ltr'>stuprum</span> <span class='ocrx_word' id='word_1_695' title='bbox 1477 3993 1505 4044; x_wconf 89' lang='lat' dir='ltr'>iu</span> <span class='ocrx_word' id='word_1_696' title='bbox 1526 4007 1600 4046; x_wconf 90' lang='lat' dir='ltr'>servo</span> <span class='ocrx_word' id='word_1_697' title='bbox 1617 3996 1796 4064; x_wconf 77' lang='lat' dir='ltr'>necessitatis,</span> <span class='ocrx_word' id='word_1_698' title='bbox 1814 3999 1843 4052; x_wconf 90' lang='lat' dir='ltr'>in</span> <span class='ocrx_word' id='word_1_699' title='bbox 1856 4001 1896 4050; x_wconf 87' lang='lat' dir='ltr'>li-</span> 
     </span>
     <span class='ocr_line' id='line_1_47' title="bbox 147 4073 1899 4156; baseline 0.002 -29"><span class='ocrx_word' id='word_1_700' title='bbox 147 4076 182 4128; x_wconf 95' lang='grc'>11</span> <span class='ocrx_word' id='word_1_701' title='bbox 235 4084 301 4150; x_wconf 70' lang='lat' dir='ltr'>§ii</span> <span class='ocrx_word' id='word_1_702' title='bbox 322 4079 389 4133; x_wconf 87' lang='lat' dir='ltr'>ltlnd</span> <span class='ocrx_word' id='word_1_703' title='bbox 409 4089 497 4134; x_wconf 88' lang='lat' dir='ltr'>tamen</span> <span class='ocrx_word' id='word_1_704' title='bbox 516 4077 667 4144; x_wconf 79' lang='lat' dir='ltr'>isio,vdlsuc</span> <span class='ocrx_word' id='word_1_705' title='bbox 693 4074 863 4130; x_wconf 57' lang='lat' dir='ltr'>monendum,</span> <span class='ocrx_word' id='word_1_706' title='bbox 893 4077 1023 4148; x_wconf 84' lang='lat' dir='ltr'>Quodsi</span> <span class='ocrx_word' id='word_1_707' title='bbox 1074 4075 1149 4129; x_wconf 91' lang='lat' dir='ltr'>berto</span> <span class='ocrx_word' id='word_1_708' title='bbox 1168 4093 1228 4129; x_wconf 88' lang='lat' dir='ltr'>vero</span> <span class='ocrx_word' id='word_1_709' title='bbox 1245 4073 1330 4132; x_wconf 83' lang='lat' dir='ltr'>officii</span> <span class='ocrx_word' id='word_1_710' title='bbox 1350 4095 1422 4144; x_wconf 86' lang='lat' dir='ltr'>esse,</span> <span class='ocrx_word' id='word_1_711' title='bbox 1443 4079 1497 4130; x_wconf 89' lang='lat' dir='ltr'>risu</span> <span class='ocrx_word' id='word_1_712' title='bbox 1516 4089 1653 4147; x_wconf 80' lang='lat' dir='ltr'>exceptura</span> <span class='ocrx_word' id='word_1_713' title='bbox 1682 4091 1792 4136; x_wconf 89' lang='lat' dir='ltr'>testatur</span> <span class='ocrx_word' id='word_1_714' title='bbox 1822 4100 1899 4156; x_wconf 69' lang='lat' dir='ltr'>pene.</span> 
     </span>
     <span class='ocr_line' id='line_1_48' title="bbox 200 4159 1627 4236; baseline -0.005 -17"><span class='ocrx_word' id='word_1_715' title='bbox 200 4165 270 4220; x_wconf 78' lang='lat' dir='ltr'>iorte</span> <span class='ocrx_word' id='word_1_716' title='bbox 288 4163 451 4236; x_wconf 72' lang='lat' dir='ltr'>magistratus</span> <span class='ocrx_word' id='word_1_717' title='bbox 469 4163 519 4214; x_wconf 91' lang='lat' dir='ltr'>loci</span> <span class='ocrx_word' id='word_1_718' title='bbox 534 4162 573 4215; x_wconf 89' lang='lat' dir='ltr'>vel</span> <span class='ocrx_word' id='word_1_719' title='bbox 581 4161 704 4231; x_wconf 89' lang='lat' dir='ltr'>princeps</span> <span class='ocrx_word' id='word_1_720' title='bbox 717 4161 845 4212; x_wconf 91' lang='lat' dir='ltr'>territorii</span> <span class='ocrx_word' id='word_1_721' title='bbox 855 4162 1024 4216; x_wconf 85' lang='lat' dir='ltr'>ordinatione</span> <span class='ocrx_word' id='word_1_722' title='bbox 1072 4159 1191 4214; x_wconf 78' lang='lat' dir='ltr'>laudatus</span> <span class='ocrx_word' id='word_1_723' title='bbox 1209 4159 1254 4214; x_wconf 91' lang='lat' dir='ltr'>dn.</span> <span class='ocrx_word' id='word_1_724' title='bbox 1268 4161 1381 4214; x_wconf 78' lang='lat' dir='ltr'>libutius</span> <span class='ocrx_word' id='word_1_725' title='bbox 1399 4161 1424 4212; x_wconf 85' lang='lat' dir='ltr'>d.</span> <span class='ocrx_word' id='word_1_726' title='bbox 1443 4160 1461 4226; x_wconf 73' lang='lat' dir='ltr'>i.</span> <span class='ocrx_word' id='word_1_727' title='bbox 1480 4179 1509 4214; x_wconf 88' lang='lat' dir='ltr'>n.</span> <span class='ocrx_word' id='word_1_728' title='bbox 1521 4161 1556 4212; x_wconf 85' lang='grc'>90</span> <span class='ocrx_word' id='word_1_729' title='bbox 1573 4179 1627 4234; x_wconf 78' lang='lat' dir='ltr'>sep.</span> 
     </span>
     <span class='ocr_line' id='line_1_49' title="bbox 199 4243 1949 4321; baseline -0.008 -17"><span class='ocrx_word' id='word_1_730' title='bbox 199 4249 309 4321; x_wconf 85' lang='lat' dir='ltr'>politica</span> <span class='ocrx_word' id='word_1_731' title='bbox 328 4250 455 4311; x_wconf 87' lang='lat' dir='ltr'>cavisset,</span> <span class='ocrx_word' id='word_1_732' title='bbox 473 4256 502 4298; x_wconf 90' lang='lat' dir='ltr'>nt</span> <span class='ocrx_word' id='word_1_733' title='bbox 517 4261 610 4298; x_wconf 87' lang='lat' dir='ltr'>omnes</span> <span class='ocrx_word' id='word_1_734' title='bbox 630 4248 690 4312; x_wconf 79' lang='lat' dir='ltr'>ejus</span> <span class='ocrx_word' id='word_1_735' title='bbox 707 4244 825 4312; x_wconf 75' lang='lat' dir='ltr'>regionis</span> <span class='ocrx_word' id='word_1_736' title='bbox 848 4246 888 4297; x_wconf 88' lang='lat' dir='ltr'>vel</span> <span class='ocrx_word' id='word_1_737' title='bbox 908 4245 1024 4300; x_wconf 85' lang='lat' dir='ltr'>civitatis</span> <span class='ocrx_word' id='word_1_738' title='bbox 1108 4250 1128 4306; x_wconf 93' lang='lat'>§.</span> <span class='ocrx_word' id='word_1_739' title='bbox 1149 4246 1192 4298; x_wconf 81' lang='lat'>12.</span> <span class='ocrx_word' id='word_1_740' title='bbox 1211 4246 1250 4297; x_wconf 82' lang='lat' dir='ltr'>tu</span> <span class='ocrx_word' id='word_1_741' title='bbox 1269 4247 1380 4297; x_wconf 85' lang='lat' dir='ltr'>rusticos</span> <span class='ocrx_word' id='word_1_742' title='bbox 1398 4243 1601 4314; x_wconf 78' lang='lat' dir='ltr'>progredimur,</span> <span class='ocrx_word' id='word_1_743' title='bbox 1616 4244 1688 4315; x_wconf 82' lang='lat' dir='ltr'>&#39;apud</span> <span class='ocrx_word' id='word_1_744' title='bbox 1709 4247 1891 4320; x_wconf 56' lang='lat' dir='ltr'>qnovqutdem</span> <span class='ocrx_word' id='word_1_745' title='bbox 1916 4252 1949 4303; x_wconf 75' lang='lat' dir='ltr'>sa</span> 
     </span>
     <span class='ocr_line' id='line_1_50' title="bbox 201 4327 1902 4405; baseline 0 -20"><span class='ocrx_word' id='word_1_746' title='bbox 201 4337 271 4388; x_wconf 81' lang='lat' dir='ltr'>cives</span> <span class='ocrx_word' id='word_1_747' title='bbox 288 4331 321 4388; x_wconf 90' lang='lat' dir='ltr'>ad</span> <span class='ocrx_word' id='word_1_748' title='bbox 343 4339 442 4385; x_wconf 86' lang='lat' dir='ltr'>certam</span> <span class='ocrx_word' id='word_1_749' title='bbox 468 4345 596 4382; x_wconf 73' lang='lat' dir='ltr'>summam</span> <span class='ocrx_word' id='word_1_750' title='bbox 610 4327 784 4382; x_wconf 87' lang='lat' dir='ltr'>determinata</span> <span class='ocrx_word' id='word_1_751' title='bbox 803 4331 925 4383; x_wconf 86' lang='lat' dir='ltr'>mercede</span> <span class='ocrx_word' id='word_1_752' title='bbox 936 4347 1024 4386; x_wconf 82' lang='lat' dir='ltr'>aereos</span> <span class='ocrx_word' id='word_1_753' title='bbox 1072 4346 1131 4382; x_wconf 87' lang='lat' dir='ltr'>rara</span> <span class='ocrx_word' id='word_1_754' title='bbox 1149 4328 1276 4394; x_wconf 87' lang='lat' dir='ltr'>civilitas,</span> <span class='ocrx_word' id='word_1_755' title='bbox 1296 4328 1393 4382; x_wconf 87' lang='lat' dir='ltr'>nullibi</span> <span class='ocrx_word' id='word_1_756' title='bbox 1414 4337 1504 4382; x_wconf 82' lang='lat' dir='ltr'>tamen</span> <span class='ocrx_word' id='word_1_757' title='bbox 1524 4331 1613 4398; x_wconf 75' lang='lat' dir='ltr'>maior</span> <span class='ocrx_word' id='word_1_758' title='bbox 1628 4329 1902 4405; x_wconf 80' lang='lat' dir='ltr'>cautio,quamapo·l</span> 
     </span>
     <span class='ocr_line' id='line_1_51' title="bbox 203 4412 1900 4490; baseline -0.007 -17"><span class='ocrx_word' id='word_1_759' title='bbox 203 4421 241 4473; x_wconf 88' lang='lat' dir='ltr'>vei</span> <span class='ocrx_word' id='word_1_760' title='bbox 261 4417 375 4473; x_wconf 75' lang='lat' dir='ltr'>famulos</span> <span class='ocrx_word' id='word_1_761' title='bbox 392 4413 580 4478; x_wconf 81' lang='lat' dir='ltr'>conducerent,</span> <span class='ocrx_word' id='word_1_762' title='bbox 599 4412 692 4465; x_wconf 87' lang='lat' dir='ltr'>etcibo</span> <span class='ocrx_word' id='word_1_763' title='bbox 705 4429 735 4466; x_wconf 90' lang='lat' dir='ltr'>ac</span> <span class='ocrx_word' id='word_1_764' title='bbox 748 4423 810 4482; x_wconf 93' lang='lat' dir='ltr'>potn</span> <span class='ocrx_word' id='word_1_765' title='bbox 823 4414 958 4484; x_wconf 76' lang='lat' dir='ltr'>designato</span> <span class='ocrx_word' id='word_1_766' title='bbox 970 4417 1024 4471; x_wconf 89' lang='lat' dir='ltr'>ale.</span> <span class='ocrx_word' id='word_1_767' title='bbox 1074 4414 1136 4478; x_wconf 87' lang='lat' dir='ltr'>hos,</span> <span class='ocrx_word' id='word_1_768' title='bbox 1156 4430 1190 4468; x_wconf 86' lang='lat' dir='ltr'>vae</span> <span class='ocrx_word' id='word_1_769' title='bbox 1210 4413 1341 4468; x_wconf 72' lang='lat' dir='ltr'>civilitate</span> <span class='ocrx_word' id='word_1_770' title='bbox 1359 4414 1410 4467; x_wconf 91' lang='lat' dir='ltr'>sibi</span> <span class='ocrx_word' id='word_1_771' title='bbox 1430 4423 1552 4468; x_wconf 75' lang='lat' dir='ltr'>noceant</span> <span class='ocrx_word' id='word_1_772' title='bbox 1585 4412 1651 4468; x_wconf 88' lang='lat' dir='ltr'>Cuns</span> <span class='ocrx_word' id='word_1_773' title='bbox 1672 4416 1744 4476; x_wconf 81' lang='lat' dir='ltr'>enirn</span> <span class='ocrx_word' id='word_1_774' title='bbox 1763 4418 1900 4490; x_wconf 69' lang='lat' dir='ltr'>tpvivnon</span> 
     </span>
     <span class='ocr_line' id='line_1_52' title="bbox 201 4496 1901 4576; baseline -0.006 -21"><span class='ocrx_word' id='word_1_775' title='bbox 201 4513 274 4568; x_wconf 63' lang='lat' dir='ltr'>renti</span> <span class='ocrx_word' id='word_1_776' title='bbox 293 4501 391 4572; x_wconf 86' lang='lat' dir='ltr'>aliquis</span> <span class='ocrx_word' id='word_1_777' title='bbox 408 4514 497 4552; x_wconf 83' lang='lat' dir='ltr'>eornm</span> <span class='ocrx_word' id='word_1_778' title='bbox 516 4513 576 4554; x_wconf 81' lang='lat' dir='ltr'>sero</span> <span class='ocrx_word' id='word_1_779' title='bbox 593 4499 649 4551; x_wconf 90' lang='lat' dir='ltr'>suis</span> <span class='ocrx_word' id='word_1_780' title='bbox 673 4496 818 4550; x_wconf 81' lang='lat' dir='ltr'>mercedem</span> <span class='ocrx_word' id='word_1_781' title='bbox 847 4510 967 4568; x_wconf 79' lang='lat' dir='ltr'>angeret,</span> <span class='ocrx_word' id='word_1_782' title='bbox 998 4514 1025 4557; x_wconf 82' lang='lat' dir='ltr'>er</span> <span class='ocrx_word' id='word_1_783' title='bbox 1072 4500 1195 4576; x_wconf 77' lang='lat' dir='ltr'>ignotum</span> <span class='ocrx_word' id='word_1_784' title='bbox 1210 4497 1261 4560; x_wconf 85' lang='lat' dir='ltr'>sit,</span> <span class='ocrx_word' id='word_1_785' title='bbox 1281 4498 1387 4552; x_wconf 89' lang='lat' dir='ltr'>nobiles</span> <span class='ocrx_word' id='word_1_786' title='bbox 1407 4499 1530 4553; x_wconf 81' lang='lat' dir='ltr'>seruitiis</span> <span class='ocrx_word' id='word_1_787' title='bbox 1553 4498 1660 4552; x_wconf 83' lang='lat' dir='ltr'>rusticis</span> <span class='ocrx_word' id='word_1_788' title='bbox 1678 4502 1817 4574; x_wconf 68' lang='lat' dir='ltr'>praecipue</span> <span class='ocrx_word' id='word_1_789' title='bbox 1830 4505 1901 4560; x_wconf 84' lang='lat' dir='ltr'>inde-</span> 
     </span>
     <span class='ocr_line' id='line_1_53' title="bbox 203 4581 1899 4659; baseline -0.003 -19"><span class='ocrx_word' id='word_1_790' title='bbox 203 4587 302 4642; x_wconf 88' lang='lat' dir='ltr'>lautius</span> <span class='ocrx_word' id='word_1_791' title='bbox 321 4601 365 4640; x_wconf 87' lang='lat' dir='ltr'>eos</span> <span class='ocrx_word' id='word_1_792' title='bbox 384 4583 505 4647; x_wconf 85' lang='lat' dir='ltr'>baberet,</span> <span class='ocrx_word' id='word_1_793' title='bbox 525 4583 599 4636; x_wconf 89' lang='lat' dir='ltr'>illum</span> <span class='ocrx_word' id='word_1_794' title='bbox 627 4581 675 4634; x_wconf 87' lang='lat' dir='ltr'>isac</span> <span class='ocrx_word' id='word_1_795' title='bbox 705 4581 834 4635; x_wconf 75' lang='lat' dir='ltr'>civilitate</span> <span class='ocrx_word' id='word_1_796' title='bbox 863 4598 907 4635; x_wconf 88' lang='lat' dir='ltr'>sna</span> <span class='ocrx_word' id='word_1_797' title='bbox 939 4585 1022 4642; x_wconf 73' lang='lat' dir='ltr'>nint.</span> <span class='ocrx_word' id='word_1_798' title='bbox 1071 4581 1217 4638; x_wconf 90' lang='lat' dir='ltr'>terminatis</span> <span class='ocrx_word' id='word_1_799' title='bbox 1234 4581 1352 4638; x_wconf 87' lang='lat' dir='ltr'>civiliter</span> <span class='ocrx_word' id='word_1_800' title='bbox 1368 4582 1404 4636; x_wconf 92' lang='lat' dir='ltr'>nti</span> <span class='ocrx_word' id='word_1_801' title='bbox 1423 4581 1527 4636; x_wconf 88' lang='lat' dir='ltr'>debere.</span> <span class='ocrx_word' id='word_1_802' title='bbox 1552 4581 1679 4654; x_wconf 75' lang='lat' dir='ltr'>Carpant.</span> <span class='ocrx_word' id='word_1_803' title='bbox 1697 4585 1743 4638; x_wconf 80' lang='lat' dir='ltr'>lib.</span> <span class='ocrx_word' id='word_1_804' title='bbox 1760 4605 1831 4659; x_wconf 80' lang='lat' dir='ltr'>resp.</span> <span class='ocrx_word' id='word_1_805' title='bbox 1855 4589 1899 4643; x_wconf 72' lang='lat'>57.</span> 
     </span>
     <span class='ocr_line' id='line_1_54' title="bbox 202 4661 1898 4742; baseline -0.008 -3"><span class='ocrx_word' id='word_1_806' title='bbox 202 4673 255 4728; x_wconf 65' lang='lat' dir='ltr'>‘lbi</span> <span class='ocrx_word' id='word_1_807' title='bbox 275 4672 304 4725; x_wconf 67' lang='lat'>¹¹¹</span> <span class='ocrx_word' id='word_1_808' title='bbox 323 4677 425 4726; x_wconf 67' lang='lat' dir='ltr'>imiimi</span> <span class='ocrx_word' id='word_1_809' title='bbox 443 4679 537 4722; x_wconf 63' lang='lat' dir='ltr'><strong>³⁰⁰⁰st</strong></span> <span class='ocrx_word' id='word_1_810' title='bbox 556 4683 648 4738; x_wconf 60' lang='lat' dir='ltr'>tm,</span> <span class='ocrx_word' id='word_1_811' title='bbox 667 4665 1023 4736; x_wconf 76' lang='lat' dir='ltr'>utinipsnnputsttcesnt·</span> <span class='ocrx_word' id='word_1_812' title='bbox 1073 4685 1100 4722; x_wconf 87' lang='lat' dir='ltr'>n.</span> <span class='ocrx_word' id='word_1_813' title='bbox 1119 4661 1145 4722; x_wconf 74' lang='grc'>1.</span> <span class='ocrx_word' id='word_1_814' title='bbox 1163 4669 1214 4742; x_wconf 92' lang='lat' dir='ltr'>ipsi</span> <span class='ocrx_word' id='word_1_815' title='bbox 1234 4670 1298 4722; x_wconf 89' lang='lat' dir='ltr'>satis</span> <span class='ocrx_word' id='word_1_816' title='bbox 1316 4667 1439 4723; x_wconf 86' lang='lat' dir='ltr'>inciviles</span> <span class='ocrx_word' id='word_1_817' title='bbox 1457 4677 1533 4732; x_wconf 89' lang='lat' dir='ltr'>sont,</span> <span class='ocrx_word' id='word_1_818' title='bbox 1561 4675 1592 4720; x_wconf 92' lang='lat' dir='ltr'>nt</span> <span class='ocrx_word' id='word_1_819' title='bbox 1618 4669 1742 4736; x_wconf 87' lang='lat' dir='ltr'>quamvis</span> <span class='ocrx_word' id='word_1_820' title='bbox 1777 4669 1898 4738; x_wconf 87' lang='lat' dir='ltr'>possint,</span> 
     </span>
     <span class='ocr_line' id='line_1_55' title="bbox 200 4749 1896 4826; baseline -0.002 -14"><span class='ocrx_word' id='word_1_821' title='bbox 200 4757 329 4814; x_wconf 75' lang='lat' dir='ltr'>madunt</span> <span class='ocrx_word' id='word_1_822' title='bbox 347 4763 439 4826; x_wconf 63' lang='lat' dir='ltr'>quesn</span> <span class='ocrx_word' id='word_1_823' title='bbox 459 4768 521 4805; x_wconf 89' lang='lat' dir='ltr'>cum</span> <span class='ocrx_word' id='word_1_824' title='bbox 540 4751 649 4822; x_wconf 89' lang='lat' dir='ltr'>politiae</span> <span class='ocrx_word' id='word_1_825' title='bbox 667 4765 727 4803; x_wconf 86' lang='lat' dir='ltr'>cura</span> <span class='ocrx_word' id='word_1_826' title='bbox 754 4749 953 4818; x_wconf 81' lang='lat' dir='ltr'>magistratibus</span> <span class='ocrx_word' id='word_1_827' title='bbox 978 4755 1020 4804; x_wconf 89' lang='lat' dir='ltr'>in·</span> <span class='ocrx_word' id='word_1_828' title='bbox 1071 4754 1141 4806; x_wconf 89' lang='lat' dir='ltr'>nulla</span> <span class='ocrx_word' id='word_1_829' title='bbox 1161 4763 1248 4808; x_wconf 87' lang='lat' dir='ltr'>tamen</span> <span class='ocrx_word' id='word_1_830' title='bbox 1266 4771 1346 4824; x_wconf 90' lang='lat' dir='ltr'>opera</span> <span class='ocrx_word' id='word_1_831' title='bbox 1363 4751 1487 4815; x_wconf 89' lang='lat' dir='ltr'>domino,</span> <span class='ocrx_word' id='word_1_832' title='bbox 1506 4759 1568 4806; x_wconf 86' lang='lat' dir='ltr'>utut</span> <span class='ocrx_word' id='word_1_833' title='bbox 1585 4749 1702 4806; x_wconf 90' lang='lat' dir='ltr'>civiliter</span> <span class='ocrx_word' id='word_1_834' title='bbox 1722 4755 1825 4822; x_wconf 78' lang='lat' dir='ltr'>roganti</span> <span class='ocrx_word' id='word_1_835' title='bbox 1839 4773 1896 4809; x_wconf 91' lang='lat' dir='ltr'>snc-</span> 
     </span>
     <span class='ocr_line' id='line_1_56' title="bbox 201 4833 1898 4909; baseline -0.005 -15"><span class='ocrx_word' id='word_1_836' title='bbox 201 4843 316 4908; x_wconf 69' lang='lat' dir='ltr'>onmbn,</span> <span class='ocrx_word' id='word_1_837' title='bbox 334 4835 508 4906; x_wconf 79' lang='lat' dir='ltr'>eieiosrnodi</span> <span class='ocrx_word' id='word_1_838' title='bbox 534 4837 659 4888; x_wconf 86' lang='lat' dir='ltr'>slorninns</span> <span class='ocrx_word' id='word_1_839' title='bbox 688 4843 795 4887; x_wconf 87' lang='lat' dir='ltr'>eatenus</span> <span class='ocrx_word' id='word_1_840' title='bbox 824 4846 913 4889; x_wconf 89' lang='lat' dir='ltr'>contra</span> <span class='ocrx_word' id='word_1_841' title='bbox 943 4835 1021 4890; x_wconf 90' lang='lat' dir='ltr'>ilium</span> <span class='ocrx_word' id='word_1_842' title='bbox 1070 4847 1192 4905; x_wconf 83' lang='lat' dir='ltr'>currant,</span> <span class='ocrx_word' id='word_1_843' title='bbox 1212 4839 1235 4892; x_wconf 89' lang='lat' dir='ltr'>si</span> <span class='ocrx_word' id='word_1_844' title='bbox 1255 4852 1365 4909; x_wconf 72' lang='lat' dir='ltr'>penam</span> <span class='ocrx_word' id='word_1_845' title='bbox 1399 4851 1475 4888; x_wconf 87' lang='lat' dir='ltr'>sunm</span> <span class='ocrx_word' id='word_1_846' title='bbox 1510 4833 1679 4889; x_wconf 76' lang='lat' dir='ltr'>absolverint.</span> <span class='ocrx_word' id='word_1_847' title='bbox 1710 4837 1801 4892; x_wconf 79' lang='lat' dir='ltr'>Facile</span> <span class='ocrx_word' id='word_1_848' title='bbox 1824 4839 1898 4894; x_wconf 73' lang='lat' dir='ltr'>enim</span> 
     </span>
     <span class='ocr_line' id='line_1_57' title="bbox 204 4913 1895 4997; baseline -0.004 -14"><span class='ocrx_word' id='word_1_849' title='bbox 204 4939 303 4997; x_wconf 84' lang='lat' dir='ltr'>peccet,</span> <span class='ocrx_word' id='word_1_850' title='bbox 322 4922 385 4978; x_wconf 89' lang='lat' dir='ltr'>dnm</span> <span class='ocrx_word' id='word_1_851' title='bbox 404 4921 532 4976; x_wconf 81' lang='lat' dir='ltr'>cisiiitute</span> <span class='ocrx_word' id='word_1_852' title='bbox 550 4936 580 4972; x_wconf 89' lang='lat' dir='ltr'>ae</span> <span class='ocrx_word' id='word_1_853' title='bbox 598 4917 761 4987; x_wconf 74' lang='lat' dir='ltr'>benignitate</span> <span class='ocrx_word' id='word_1_854' title='bbox 780 4935 823 4970; x_wconf 88' lang='lat' dir='ltr'>sna</span> <span class='ocrx_word' id='word_1_855' title='bbox 843 4919 926 4972; x_wconf 90' lang='lat' dir='ltr'>nimia</span> <span class='ocrx_word' id='word_1_856' title='bbox 939 4938 1020 4975; x_wconf 91' lang='lat' dir='ltr'>anno·</span> <span class='ocrx_word' id='word_1_857' title='bbox 1070 4921 1227 4986; x_wconf 85' lang='lat' dir='ltr'>advertunt,</span> <span class='ocrx_word' id='word_1_858' title='bbox 1246 4921 1270 4973; x_wconf 93' lang='lat' dir='ltr'>si</span> <span class='ocrx_word' id='word_1_859' title='bbox 1290 4918 1430 4990; x_wconf 83' lang='lat' dir='ltr'>aliquoties</span> <span class='ocrx_word' id='word_1_860' title='bbox 1448 4935 1481 4972; x_wconf 86' lang='lat' dir='ltr'>ex</span> <span class='ocrx_word' id='word_1_861' title='bbox 1506 4913 1637 4974; x_wconf 86' lang='lat' dir='ltr'>civilitate</span> <span class='ocrx_word' id='word_1_862' title='bbox 1660 4919 1725 4989; x_wconf 89' lang='lat' dir='ltr'>quid</span> <span class='ocrx_word' id='word_1_863' title='bbox 1755 4924 1895 4993; x_wconf 71' lang='lat' dir='ltr'>praestito·</span> 
     </span>
     <span class='ocr_line' id='line_1_58' title="bbox 203 5001 1897 5080; baseline -0.004 -16"><span class='ocrx_word' id='word_1_864' title='bbox 203 5029 263 5065; x_wconf 89' lang='lat' dir='ltr'>narn</span> <span class='ocrx_word' id='word_1_865' title='bbox 282 5008 475 5080; x_wconf 84' lang='lat' dir='ltr'>quodammodo</span> <span class='ocrx_word' id='word_1_866' title='bbox 493 5002 590 5068; x_wconf 82' lang='lat' dir='ltr'>elficit,</span> <span class='ocrx_word' id='word_1_867' title='bbox 609 5001 871 5074; x_wconf 87' lang='lat' dir='ltr'>atqnedisciplinam</span> <span class='ocrx_word' id='word_1_868' title='bbox 885 5006 1019 5074; x_wconf 88' lang='lat' dir='ltr'>politicam</span> <span class='ocrx_word' id='word_1_869' title='bbox 1071 5005 1142 5070; x_wconf 87' lang='lat' dir='ltr'>rint,</span> <span class='ocrx_word' id='word_1_870' title='bbox 1161 5003 1259 5056; x_wconf 89' lang='lat' dir='ltr'>exinde</span> <span class='ocrx_word' id='word_1_871' title='bbox 1278 5003 1385 5058; x_wconf 86' lang='lat' dir='ltr'>tandem</span> <span class='ocrx_word' id='word_1_872' title='bbox 1409 5005 1450 5072; x_wconf 75' lang='lat' dir='ltr'>ius</span> <span class='ocrx_word' id='word_1_873' title='bbox 1469 5003 1642 5076; x_wconf 85' lang='lat' dir='ltr'>praetendere</span> <span class='ocrx_word' id='word_1_874' title='bbox 1658 5004 1897 5062; x_wconf 68' lang='lat' dir='ltr'>dominnmiiude</span> 
     </span>
     <span class='ocr_line' id='line_1_59' title="bbox 202 5086 1897 5158; baseline -0.006 -10"><span class='ocrx_word' id='word_1_875' title='bbox 202 5095 329 5157; x_wconf 69' lang='lat' dir='ltr'>incurrite</span> <span class='ocrx_word' id='word_1_876' title='bbox 346 5107 394 5146; x_wconf 84' lang='lat' dir='ltr'>neo</span> <span class='ocrx_word' id='word_1_877' title='bbox 412 5090 503 5142; x_wconf 84' lang='lat' dir='ltr'>minus</span> <span class='ocrx_word' id='word_1_878' title='bbox 521 5089 632 5140; x_wconf 86' lang='lat' dir='ltr'>aliorum</span> <span class='ocrx_word' id='word_1_879' title='bbox 653 5086 843 5157; x_wconf 75' lang='lat' dir='ltr'>patroniumtt.</span> <span class='ocrx_word' id='word_1_880' title='bbox 870 5105 925 5140; x_wconf 86' lang='lat' dir='ltr'>rem</span> <span class='ocrx_word' id='word_1_881' title='bbox 958 5089 1021 5143; x_wconf 85' lang='lat' dir='ltr'>lacit</span> <span class='ocrx_word' id='word_1_882' title='bbox 1069 5107 1121 5142; x_wconf 92' lang='lat' dir='ltr'>non</span> <span class='ocrx_word' id='word_1_883' title='bbox 1142 5089 1232 5158; x_wconf 75' lang='lat' dir='ltr'>ignota</span> <span class='ocrx_word' id='word_1_884' title='bbox 1253 5088 1410 5143; x_wconf 89' lang='lat' dir='ltr'>rusticorum</span> <span class='ocrx_word' id='word_1_885' title='bbox 1429 5089 1712 5158; x_wconf 76' lang='lat' dir='ltr'>exceptiosluncker,</span> <span class='ocrx_word' id='word_1_886' title='bbox 1730 5094 1780 5150; x_wconf 77' lang='lat' dir='ltr'>wit·</span> <span class='ocrx_word' id='word_1_887' title='bbox 1798 5095 1897 5150; x_wconf 58' lang='lat' dir='ltr'>watien</span> 
     </span>
     <span class='ocr_line' id='line_1_60' title="bbox 203 5169 1896 5250; baseline -0.008 -20"><span class='ocrx_word' id='word_1_888' title='bbox 203 5177 337 5233; x_wconf 78' lang='lat' dir='ltr'>tnvtoreni</span> <span class='ocrx_word' id='word_1_889' title='bbox 352 5213 360 5242; x_wconf 92' lang='lat'>,</span> <span class='ocrx_word' id='word_1_890' title='bbox 378 5189 437 5228; x_wconf 84' lang='lat' dir='ltr'>curn</span> <span class='ocrx_word' id='word_1_891' title='bbox 458 5175 612 5245; x_wconf 88' lang='lat' dir='ltr'>plerumque</span> <span class='ocrx_word' id='word_1_892' title='bbox 630 5169 660 5220; x_wconf 83' lang='lat' dir='ltr'>asi</span> <span class='ocrx_word' id='word_1_893' title='bbox 681 5171 830 5238; x_wconf 79' lang='lat' dir='ltr'>exemplum</span> <span class='ocrx_word' id='word_1_894' title='bbox 855 5170 966 5224; x_wconf 88' lang='lat' dir='ltr'>aliorum</span> <span class='ocrx_word' id='word_1_895' title='bbox 992 5189 1021 5225; x_wconf 91' lang='lat' dir='ltr'>se</span> <span class='ocrx_word' id='word_1_896' title='bbox 1069 5188 1098 5226; x_wconf 92' lang='lat' dir='ltr'>es</span> <span class='ocrx_word' id='word_1_897' title='bbox 1112 5188 1196 5241; x_wconf 74' lang='lat' dir='ltr'>gerne</span> <span class='ocrx_word' id='word_1_898' title='bbox 1215 5171 1303 5236; x_wconf 77' lang='lat' dir='ltr'>tium,</span> <span class='ocrx_word' id='word_1_899' title='bbox 1319 5172 1453 5250; x_wconf 29' lang='lat' dir='ltr'>oberlwr&#39;r</span> <span class='ocrx_word' id='word_1_900' title='bbox 1470 5173 1631 5243; x_wconf 66' lang='lat' dir='ltr'>bel‘s&#39;trnlrten</span> <span class='ocrx_word' id='word_1_901' title='bbox 1660 5190 1729 5238; x_wconf 67' lang='lat' dir='ltr'>isne,</span> <span class='ocrx_word' id='word_1_902' title='bbox 1752 5192 1780 5228; x_wconf 70' lang='lat' dir='ltr'>es</span> <span class='ocrx_word' id='word_1_903' title='bbox 1810 5179 1896 5232; x_wconf 53' lang='lat' dir='ltr'>ward,</span> 
     </span>
     <span class='ocr_line' id='line_1_61' title="bbox 202 5253 1895 5330; baseline -0.014 -16"><span class='ocrx_word' id='word_1_904' title='bbox 202 5259 325 5330; x_wconf 87' lang='lat' dir='ltr'>componi</span> <span class='ocrx_word' id='word_1_905' title='bbox 338 5257 491 5327; x_wconf 87' lang='lat' dir='ltr'>velint,qni</span> <span class='ocrx_word' id='word_1_906' title='bbox 504 5256 597 5310; x_wconf 85' lang='lat' dir='ltr'>eadem</span> <span class='ocrx_word' id='word_1_907' title='bbox 610 5253 742 5306; x_wconf 88' lang='lat' dir='ltr'>serviendi</span> <span class='ocrx_word' id='word_1_908' title='bbox 757 5253 910 5307; x_wconf 91' lang='lat' dir='ltr'>conditione</span> <span class='ocrx_word' id='word_1_909' title='bbox 927 5254 1018 5309; x_wconf 84' lang='lat' dir='ltr'>irnsrn-</span> <span class='ocrx_word' id='word_1_910' title='bbox 1068 5256 1128 5311; x_wconf 86' lang='lat' dir='ltr'>eine</span> <span class='ocrx_word' id='word_1_911' title='bbox 1148 5255 1340 5327; x_wconf 72' lang='lat' dir='ltr'>Gereclsu&#39;givv&#39;e</span> <span class='ocrx_word' id='word_1_912' title='bbox 1357 5257 1468 5310; x_wconf 61' lang='lat' dir='ltr'>damus,</span> <span class='ocrx_word' id='word_1_913' title='bbox 1498 5257 1571 5311; x_wconf 63' lang='lat' dir='ltr'>Ltpev</span> <span class='ocrx_word' id='word_1_914' title='bbox 1599 5258 1644 5310; x_wconf 69' lang='lat' dir='ltr'>m,</span> <span class='ocrx_word' id='word_1_915' title='bbox 1670 5268 1759 5313; x_wconf 64' lang='lat' dir='ltr'>mm,</span> <span class='ocrx_word' id='word_1_916' title='bbox 1787 5261 1895 5314; x_wconf 55' lang='lat' dir='ltr'>opium„</span> 
     </span>
     <span class='ocr_line' id='line_1_62' title="bbox 201 5337 1896 5414; baseline -0.011 -1"><span class='ocrx_word' id='word_1_917' title='bbox 201 5337 471 5414; x_wconf 60' lang='lat' dir='ltr'>¹⁰ls&#39;l2”812·²·ff</span> <span class='ocrx_word' id='word_1_918' title='bbox 490 5343 526 5396; x_wconf 65' lang='lat'>⁰13</span> <span class='ocrx_word' id='word_1_919' title='bbox 549 5341 566 5392; x_wconf 73' lang='lat'>1·</span> <span class='ocrx_word' id='word_1_920' title='bbox 583 5339 639 5412; x_wconf 72' lang='lat' dir='ltr'>jv!-</span> <span class='ocrx_word' id='word_1_921' title='bbox 666 5341 698 5393; x_wconf 84' lang='lat' dir='ltr'>de</span> <span class='ocrx_word' id='word_1_922' title='bbox 723 5358 845 5395; x_wconf 80' lang='lat' dir='ltr'>cunone.</span> <span class='ocrx_word' id='word_1_923' title='bbox 864 5341 881 5394; x_wconf 79' lang='grc' dir='ltr'><strong>Ι.</strong></span> <span class='ocrx_word' id='word_1_924' title='bbox 903 5344 927 5392; x_wconf 88' lang='lat'>1·</span> <span class='ocrx_word' id='word_1_925' title='bbox 944 5359 968 5394; x_wconf 84' lang='lat' dir='ltr'>c.</span> <span class='ocrx_word' id='word_1_926' title='bbox 987 5345 1019 5396; x_wconf 87' lang='lat' dir='ltr'>de</span> <span class='ocrx_word' id='word_1_927' title='bbox 1069 5345 1139 5410; x_wconf 81' lang='lat' dir='ltr'>juris</span> <span class='ocrx_word' id='word_1_928' title='bbox 1155 5342 1232 5394; x_wconf 81' lang='lat' dir='ltr'>icelle</span> <span class='ocrx_word' id='word_1_929' title='bbox 1249 5341 1342 5396; x_wconf 76' lang='lat' dir='ltr'>evitari</span> <span class='ocrx_word' id='word_1_930' title='bbox 1363 5351 1467 5412; x_wconf 85' lang='lat' dir='ltr'>posset,</span> <span class='ocrx_word' id='word_1_931' title='bbox 1487 5342 1511 5394; x_wconf 92' lang='lat' dir='ltr'>si</span> <span class='ocrx_word' id='word_1_932' title='bbox 1532 5340 1672 5408; x_wconf 73' lang='lat' dir='ltr'>dicerent,</span> <span class='ocrx_word' id='word_1_933' title='bbox 1697 5359 1727 5396; x_wconf 89' lang='lat' dir='ltr'>se</span> <span class='ocrx_word' id='word_1_934' title='bbox 1753 5343 1825 5399; x_wconf 84' lang='lat' dir='ltr'>velle</span> <span class='ocrx_word' id='word_1_935' title='bbox 1845 5347 1896 5402; x_wconf 69' lang='lat' dir='ltr'>icoc</span> 
     </span>
     <span class='ocr_line' id='line_1_63' title="bbox 202 5419 1947 5504; baseline -0.002 -16"><span class='ocrx_word' id='word_1_936' title='bbox 202 5431 276 5502; x_wconf 82' lang='lat' dir='ltr'>offic.</span> <span class='ocrx_word' id='word_1_937' title='bbox 294 5429 381 5504; x_wconf 82' lang='lat' dir='ltr'>praes.</span> <span class='ocrx_word' id='word_1_938' title='bbox 399 5429 460 5483; x_wconf 76' lang='lat' dir='ltr'>urb.</span> <span class='ocrx_word' id='word_1_939' title='bbox 478 5429 575 5480; x_wconf 91' lang='lat' dir='ltr'>lliustr.</span> <span class='ocrx_word' id='word_1_940' title='bbox 594 5424 638 5476; x_wconf 92' lang='lat' dir='ltr'>dn.</span> <span class='ocrx_word' id='word_1_941' title='bbox 658 5425 737 5478; x_wconf 78' lang='lat' dir='ltr'>libet.</span> <span class='ocrx_word' id='word_1_942' title='bbox 755 5419 903 5480; x_wconf 70' lang='lat' dir='ltr'>ddissert.</span> <span class='ocrx_word' id='word_1_943' title='bbox 921 5427 954 5481; x_wconf 81' lang='lat' dir='ltr'>de</span> <span class='ocrx_word' id='word_1_944' title='bbox 972 5427 1012 5481; x_wconf 86' lang='lat' dir='ltr'>nsi</span> <span class='ocrx_word' id='word_1_945' title='bbox 1067 5421 1104 5482; x_wconf 69' lang='lat' dir='ltr'>ee</span> <span class='ocrx_word' id='word_1_946' title='bbox 1121 5425 1255 5492; x_wconf 73' lang='lat' dir='ltr'>civilitate,</span> <span class='ocrx_word' id='word_1_947' title='bbox 1274 5446 1333 5482; x_wconf 85' lang='lat' dir='ltr'>non</span> <span class='ocrx_word' id='word_1_948' title='bbox 1352 5443 1418 5484; x_wconf 85' lang='lat' dir='ltr'>nero</span> <span class='ocrx_word' id='word_1_949' title='bbox 1439 5445 1476 5482; x_wconf 79' lang='lat' dir='ltr'>ese</span> <span class='ocrx_word' id='word_1_950' title='bbox 1495 5427 1584 5482; x_wconf 82' lang='lat' dir='ltr'>debito</span> <span class='ocrx_word' id='word_1_951' title='bbox 1606 5427 1718 5499; x_wconf 79' lang='lat' dir='ltr'>sacera-</span> <span class='ocrx_word' id='word_1_952' title='bbox 1750 5429 1811 5486; x_wconf 90' lang='lat' dir='ltr'>lrno</span> <span class='ocrx_word' id='word_1_953' title='bbox 1845 5433 1889 5486; x_wconf 89' lang='lat' dir='ltr'>nbi</span> <span class='ocrx_word' id='word_1_954' title='bbox 1915 5429 1947 5478; x_wconf 79' lang='grc' dir='ltr'><strong>Π</strong></span> 
     </span>
     <span class='ocr_line' id='line_1_64' title="bbox 199 5508 1890 5590; baseline -0.018 0"><span class='ocrx_word' id='word_1_955' title='bbox 199 5517 277 5570; x_wconf 51' lang='grc' dir='ltr'>’ὲήῶ</span> <span class='ocrx_word' id='word_1_956' title='bbox 295 5519 394 5586; x_wconf 60' lang='lat' dir='ltr'>mem?</span> <span class='ocrx_word' id='word_1_957' title='bbox 415 5531 476 5584; x_wconf 64' lang='grc' dir='ltr'>ΜΡ·</span> <span class='ocrx_word' id='word_1_958' title='bbox 488 5512 513 5565; x_wconf 65' lang='lat'>⁴·</span> <span class='ocrx_word' id='word_1_959' title='bbox 528 5529 555 5564; x_wconf 63' lang='grc' dir='ltr'>η·</span> <span class='ocrx_word' id='word_1_960' title='bbox 569 5508 613 5562; x_wconf 66' lang='lat'>⁷⁴·</span> <span class='ocrx_word' id='word_1_961' title='bbox 631 5518 657 5561; x_wconf 58' lang='lat' dir='ltr'>‘i</span> <span class='ocrx_word' id='word_1_962' title='bbox 673 5526 744 5580; x_wconf 74' lang='lat' dir='ltr'>&#39;‘ii·</span> <span class='ocrx_word' id='word_1_963' title='bbox 1052 5519 1166 5568; x_wconf 73' lang='lat' dir='ltr'>&#39;&#39;constas</span> <span class='ocrx_word' id='word_1_964' title='bbox 1182 5514 1283 5568; x_wconf 88' lang='lat' dir='ltr'>desolo</span> <span class='ocrx_word' id='word_1_965' title='bbox 1301 5515 1392 5567; x_wconf 81' lang='lat' dir='ltr'>attineo</span> <span class='ocrx_word' id='word_1_966' title='bbox 1409 5513 1567 5570; x_wconf 87' lang='lat' dir='ltr'>civilitatem</span> <span class='ocrx_word' id='word_1_967' title='bbox 1585 5513 1742 5587; x_wconf 77' lang='lat' dir='ltr'>exhibendi,</span> <span class='ocrx_word' id='word_1_968' title='bbox 1762 5519 1890 5590; x_wconf 61' lang='lat' dir='ltr'>regotur.</span> 
     </span>
     <span class='ocr_line' id='line_1_65' title="bbox 149 5593 1895 5672; baseline -0.005 -6"><span class='ocrx_word' id='word_1_969' title='bbox 149 5615 182 5666; x_wconf 78' lang='grc'>11</span> <span class='ocrx_word' id='word_1_970' title='bbox 235 5607 254 5665; x_wconf 82' lang='lat' dir='ltr'>i·</span> <span class='ocrx_word' id='word_1_971' title='bbox 276 5601 321 5652; x_wconf 81' lang='lat'>¹⁰·</span> <span class='ocrx_word' id='word_1_972' title='bbox 338 5599 391 5656; x_wconf 78' lang='lat' dir='ltr'>Sed</span> <span class='ocrx_word' id='word_1_973' title='bbox 409 5593 525 5672; x_wconf 77' lang='lat' dir='ltr'>quidde</span> <span class='ocrx_word' id='word_1_974' title='bbox 543 5594 609 5660; x_wconf 81' lang='lat' dir='ltr'>illis,</span> <span class='ocrx_word' id='word_1_975' title='bbox 630 5594 722 5664; x_wconf 79' lang='lat' dir='ltr'>quiin</span> <span class='ocrx_word' id='word_1_976' title='bbox 742 5593 892 5650; x_wconf 78' lang='lat' dir='ltr'>mirsisterin</span> <span class='ocrx_word' id='word_1_977' title='bbox 912 5595 1021 5650; x_wconf 80' lang='lat' dir='ltr'>domiui</span> <span class='ocrx_word' id='word_1_978' title='bbox 1070 5606 1109 5651; x_wconf 91' lang='lat' dir='ltr'>ter</span> <span class='ocrx_word' id='word_1_979' title='bbox 1126 5599 1169 5666; x_wconf 89' lang='lat' dir='ltr'>jus</span> <span class='ocrx_word' id='word_1_980' title='bbox 1188 5594 1251 5652; x_wconf 90' lang='lat' dir='ltr'>inde</span> <span class='ocrx_word' id='word_1_981' title='bbox 1272 5605 1324 5654; x_wconf 86' lang='lat' dir='ltr'>uon</span> <span class='ocrx_word' id='word_1_982' title='bbox 1345 5598 1470 5654; x_wconf 87' lang='lat' dir='ltr'>nascitur.</span> <span class='ocrx_word' id='word_1_983' title='bbox 1489 5597 1566 5654; x_wconf 75' lang='lat' dir='ltr'>dctus</span> <span class='ocrx_word' id='word_1_984' title='bbox 1583 5603 1656 5656; x_wconf 89' lang='lat' dir='ltr'>enim</span> <span class='ocrx_word' id='word_1_985' title='bbox 1690 5601 1835 5662; x_wconf 79' lang='lat' dir='ltr'>tvcntnuvt</span> <span class='ocrx_word' id='word_1_986' title='bbox 1868 5617 1895 5660; x_wconf 91' lang='lat' dir='ltr'>et</span> 
     </span>
    </p>
   </div>
   <div class='ocr_carea' id='block_1_5' title="bbox 0 0 2212 6215">
    <p class='ocr_par' dir='ltr' id='par_1_10' title="bbox 0 0 2212 6215">
     <span class='ocr_line' id='line_1_66' title="bbox 0 0 2212 6215; baseline 0 0"><span class='ocrx_word' id='word_1_987' title='bbox 0 0 2212 6215; x_wconf 95' lang='lat' dir='ltr'> </span> 
     </span>
    </p>
   </div>
  </div>
 </body>
</html>
