4408 6202
1850 17 1867 54 a
1918 25 1980 66 J.-

1554 83 1971 108 qw-
2020 93 2029 104 ο
2140 93 2145 100 ·

126 473 131 486 ,
206 433 208 440 <
467 329 897 492 Ιιιιιιιιιιιιιιιί
951 379 1493 470 eneruauerunt
1563 399 1566 408 ·

246 573 352 688 llllll
409 573 608 690 ΝΜ
652 571 956 687 ῊΘΣΒῘΝ
1001 571 1096 686 llll
1143 569 1353 686 ΝΜ
1398 573 1741 706 tluttttlt.
1844 741 1847 746 Δ

573 865 577 872 ,
637 817 693 862 uta
714 815 846 860 tuousr.
869 813 900 860 Α.
922 813 958 858 t).
986 815 1016 858 u.
1041 811 1124 858 ttttto
1147 813 1344 860 limbum·

789 975 879 1018 920
915 973 1202 1018 *urceolus

475 1111 752 1187 cuulsuoru.
789 1114 1068 1201 lIERRWlEG,
1105 1111 1309 1224 ANCblll.
1347 1113 1522 1188 Portum

714 1291 1272 1338 ψ·

722 1489 1274 1596 prosecutae

308 1699 310 1706 ’
527 1715 767 1788 necron!
807 1713 1043 1784 cannino
1081 1713 1475 1787 ιιιιοιιιτιιιι.

154 1913 324 2046 Euaist
337 1951 501 2060 maritalis
522 1989 662 2066 potestat
685 1969 844 2038 latissime
867 1993 902 2036 ae
924 1967 1100 2036 extendat.
1125 1967 1216 2036 Gell.
1245 1971 1268 2038 l.
1300 1968 1329 2036 3.
1360 1986 1448 2041 noct.
1476 1989 1545 2042 oet.
1572 2001 1652 2068 ¹cup.
1685 2004 1716 2044 a.
1743 1979 1825 2047 Tae.

154 2063 177 2129 l.
204 2063 256 2129 23.
279 2065 399 2130 auriol.
426 2083 463 2131 nt
486 2079 519 2132 et
542 2067 626 2130 hona
651 2078 685 2127 et
705 2083 824 2151 eorpus
848 2061 958 2128 usuris
982 2058 1119 2126 alliciat.
1142 2060 1168 2126 l.
1195 2085 1247 2128 aa.
1270 2083 1303 2128 c.
1327 2060 1373 2130 de
1394 2063 1488 2132 adm.
1512 2081 1575 2134 tut.
1608 2089 1676 2134 non
1699 2081 1830 2136 tantam

153 2154 261 2241 quoad
287 2143 520 2234 rovescalium,
546 2154 632 2221 Gen.
654 2153 688 2217 3.
712 2177 748 2217 o.
776 2151 828 2218 ι6.
859 2175 885 2216 ι.
910 2150 990 2218 Coe.
1021 2149 1069 2237 14.
1094 2176 1130 2216 v.
1156 2149 1211 2239 34.
1239 2152 1368 2243 pros.
1395 2155 1424 2221 5.
1451 2179 1503 2223 aa.
1527 2167 1622 2248 seqq'.
1656 2159 1760 2228 colos.
1798 2157 1831 2223 3.

150 2266 184 2308 υ.
217 2243 345 2310 18.tit.
373 2272 401 2312 ι.
441 2273 469 2312 ι.
497 2245 592 2313 Pete.
621 2245 651 2310 3.
675 2269 711 2308 ιι.
741 2240 792 2306 ι5.
817 2241 851 2308 6.
872 2240 934 2308 aed
956 2239 1056 2306 ctiam
1081 2242 1190 2330 quoad
1214 2245 1323 2309 omnis
1350 2247 1481 2336 generis
1510 2248 1643 2314 honesta
1673 2249 1833 2341 obsequio
1860 2257 1863 2264 “

148 2334 196 2400 ab
220 2359 319 2401 urere
340 2338 401 2426 ipsi
427 2335 580 2403 decenter
604 2330 815 2424 praestanda,
838 2355 926 2423 qnae
949 2332 984 2395 iu
1011 2330 1071 2396 tori
1097 2331 1255 2422 genialis,
1280 2321 1342 2400 loci
1367 2356 1403 2400 ae
1426 2335 1507 2418 coli,
1541 2338 1752 2444 aliarumque
1785 2361 1838 2408 re·

157 2447 229 2489 rum
255 2425 531 2509 domesticarum,
556 2425 669 2520 generi
694 2421 858 2488 foemineo
879 2421 1152 2500 commissarum,
1175 2445 1274 2508 eura,
1306 2445 1382 2490 cum
1421 2424 1583 2494 indefesso
1618 2428 1754 2514 studio,
1793 2427 1836 2496 ad

158 2527 276 2579 nutam
302 2517 413 2580 mariti
440 2513 642 2606 procuranda
667 2510 862 2602 praeprimis
886 2511 969 2576 sita:
994 2527 1042 2576 ast
1066 2509 1173 2576 eidem
1196 2532 1327 2578 omnem
1354 2515 1493 2600 uxoris,
1521 2515 1731 2604 liberorum,
1767 2544 1837 2586 ser·

155 2627 269 2669 vorum
294 2622 326 2670 et
350 2607 448 2688 totius
472 2605 615 2672 lumiliae'
636 2601 912 2670 sustentationem
936 2623 1096 2666 arrectam
1121 2623 1217 2678 esse,
1241 2603 1455 2672 interomnes
1478 2619 1613 2672 constat.
1636 2609 1664 2672 l.
1684 2633 1737 2674 ιι.
1755 2607 1783 2698 ἃ.
1801 2609 1833 2674 8.

155 2694 219 2758 sol.
245 2711 350 2763 matr.
374 2695 398 2761 l.
421 2695 511 2764 dotis
523 2699 683 2784 fruetus.
696 2693 743 2784 ff.
768 2690 907 2782 dejure
932 2690 1002 2757 dot.
1026 2692 1050 2755 l.
1070 2713 1139 2782 pro
1161 2689 1329 2759 oneribus.
1354 2719 1385 2762 c.
1410 2694 1483 2763 eod.
1499 2695 1524 2762 l.
1539 2699 1572 2764 si
1581 2698 1679 2802 filio.
1687 2701 1735 2789 ff
1735 2701 1831 2788 seru.

153 2783 294 2852 bercise.
318 2791 346 2854 c'.
377 2810 426 2852 ιι.
442 2789 525 2854 dist.
550 2787 582 2852 3.
607 2785 720 2852 Aonis.
745 2781 788 2848 de
811 2779 959 2849 coenob.
984 2805 1060 2871 cup.
1087 2807 1119 2871 7.
1144 2797 1226 2848 sect.
1251 2784 1282 2848 6.
1307 2807 1343 2849 ιι.
1372 2785 1426 2852 23.
1451 2783 1561 2877 Cujus
1585 2811 1620 2854 ιιι
1643 2812 1834 2879 compensa·

155 2876 281 2950 tionem
305 2875 395 2944 dotes
419 2889 564 2968 receptas
583 2877 706 2966 passim
722 2871 756 2937 in
772 2875 854 2963 ¹jure
878 2871 1053 2958 ridemus3
1077 2894 1136 2962 per
1159 2895 1243 2964 quas
1266 2873 1424 2942 oneribus
1448 2877 1749 2948 matrimonialibus
1784 2879 1834 2946 le·

155 2987 269 3030 romeu
293 2963 466 3050 adbiberi,
495 2991 534 3032 ae
558 2965 691 3032 masenii
716 2962 757 3028 ad
781 2963 915 3052 nuptiae
937 2987 1010 3030 eum
1034 2961 1188 3030 foeminis
1212 2962 1375 3030 ineundas
1397 2967 1534 3032 invitari
1567 2987 1730 3058 possunt.
1754 2991 1776 3036 a
1822 3015 1831 3034 .

150 3055 178 3118 l.
205 3053 260 3140 34.
273 3054 322 3146 ff..
347 3053 389 3122 de
408 3055 491 3144 jure
514 3055 583 3122 dot.
606 3053 692 3122 Cum
716 3075 792 3118 uero
813 3053 857 3118 ob
881 3076 987 3120 rerum
1013 3051 1230 3134 discrimina,
1255 3053 1324 3119 rari
1386 3078 1435 3124 ue¹
1450 3079 1562 3138 casua,
1586 3059 1722 3127 evenire
1737 3059 1797 3127 saci
1813 3085 1834 3123 e.

154 3157 280 3234 queat,
305 3163 342 3214 ut
367 3146 501 3212 maritus
524 3147 658 3214 saburra
682 3141 768 3214 aeolo
791 3141 890 3212 alieni
914 3143 1076 3225 obrutus,
1099 3139 1315 3215 lacultatibus
1337 3141 1366 3210 la
1413 3162 1492 3227 tur,
1516 3147 1682 3240 rebusque
1704 3153 1776 3243 ejus
1790 3147 1833 3216 ad

156 3235 302 3324 inopiam
327 3235 492 3318 redactis,
516 3235 624 3302 illatae
646 3234 739 3303 dotes
763 3232 847 3299 mole
868 3231 1067 3322 perductum
1118 3231 1228 3298 ubliee
1253 3257 1331 3301 vero
1354 3233 1574 3304 nihilominus
1597 3239 1745 3322 intersit,
1768 3239 1827 3306 do-

156 3336 204 3390 tes
228 3325 427 3392 mulieribus
449 3327 659 3406 conservari,
684 3325 708 3392 l.
738 3352 764 3393 ι.
774 3320 919 3412 ffl’sol.
942 3339 1049 3390 metr.
1108 3341 1227 3411 oppen.
1250 3328 1288 3388 ιἰι
1312 3349 1375 3392 usu
1391 3349 1451 3416 pr.
1476 3327 1500 3392 l.
1519 3350 1548 3392 a.
1564 3326 1634 3394 obs.
1653 3329 1707 3395 23.
1725 3355 1759 3397 ιι.
1779 3353 1830 3396 ιο.

156 3411 237 3479 etl.
263 3439 293 3480 a.
318 3415 456 3504 dejure
477 3413 553 3482 dot.
578 3441 620 3483 ue
645 3415 820 3507 fragilitate
843 3436 920 3478 suae
945 3427 1082 3479 naturae
1105 3414 1142 3476 in
1168 3414 1378 3504 repentinam
1413 3415 1621 3484 deducantur
1654 3421 1830 3510 inopiam,

153 3502 177 3568 l.
199 3521 261 3571 un.
285 3505 312 3593 ῥ.
349 3507 399 3571 ι5.
424 3529 455 3572 e.
480 3505 525 3574 de
549 3531 578 3572 r.
603 3531 637 3571 ιι.
662 3529 694 3571 u.
719 3505 904 3590 Eapropter
927 3502 1107 3593 prudenter
1129 3517 1163 3566 et
1185 3503 1377 3592 aequissima
1402 3505 1529 3572 ratione
1557 3509 1719 3576 uxoribus
1746 3511 1831 3600 jura

156 3594 324 3684 quaedam
347 3596 386 3660 in
409 3595 499 3664 bono
524 3597 645 3662 mariti
667 3613 745 3662 sunt
768 3591 930 3659 indulte.
953 3591 1108 3682 Quorum
1134 3593 1279 3682 cognitio
1293 3617 1368 3659 cum
1385 3594 1563 3664 admodum
1581 3599 1757 3668 neccssaria
1775 3594 1840 3678 sit,'

6 3716 17 3752 a
157 3687 262 3774 inque
286 3687 403 3753 multas
426 3687 508 3754 adeo
531 3711 564 3751 se
588 3686 749 3751 utilitates
773 3680 979 3772 profundat,
1002 3706 1119 3774 operae
1141 3681 1251 3765 duxi,
1275 3681 1318 3749 de
1340 3683 1400 3752 hoe
1422 3707 1482 3774 pro
1507 3686 1623 3770 virili,
1655 3701 1688 3754 et
1720 3687 1829 3778 quoad
1882 3761 1885 3768 Ι

156 3779 228 3864 ejus
251 3799 267 3840 a
295 3777 455 3844 tenuitate
479 3801 548 3844 mea
573 3775 642 3840 lieri
669 3788 787 3864 potest,
810 3771 997 3860 dispicere3
1023 3773 1177 3863 nihilque
1200 3795 1319 3863 anceps
1341 3775 1485 3858 haereo,
1507 3777 1760 3867 disputationem
1778 3779 1831 3844 in-

155 3864 347 3954 auguralem
373 3867 431 3933 bac
454 3867 495 3934 de
525 3865 661 3932 materia
689 3858 919 3944 conscribere,
946 3862 1166 3954 ejusdemque
1190 3866 1417 3929 tractationem
1441 3867 1629 3957 ‚suscipere
1646 3865 1830 3946 Enimvero

181 3978 274 4018 arum
308 3953 361 4024 hic
389 3958 542 4024 novitatis
573 3955 620 4022 rel
650 3955 794 4022 raritatis
824 3951 929 4016 cursim
957 3955 1174 4041 promittere:
1203 3949 1321 4046 collegi
1349 3965 1482 4020 tantum
1513 3979 1607 4046 quae.
1631 3955 1688 4022 dd.
1708 3959 1827 4048 passim

153 3976 295 4128 liabent,
324 4045 373 4110 vel
402 4047 480 4113 alias
507 4049 541 4112 in
566 4039 642 4134 jure
665 4067 698 4110 se
724 4043 807 4110 mihi
828 4040 916 4108 iuter
946 4037 1210 4132 memorandum,
1239 4041 1285 4110 ita
1310 4060 1349 4108 ut
1371 4041 1585 4132 lit‚vobriam
1611 4044 1749 4114 dedere.
1773 4045 1829 4114 td

156 4155 242 4220 quae
266 4135 475 4224 expediuuda
496 4137 576 4202 dnm
601 4159 654 4200 me
679 4132 831 4226 accingo,
859 4133 956 4198 unice
982 4127 1087 4196 habeo
1112 4133 1147 4196 in
1177 4127 1283 4216 iotis,
1307 4150 1342 4198 ut
1359 4156 1486 4224 aequus
1500 4134 1584 4214 mihi
1601 4133 1702 4203 lector
1717 4135 1831 4215 obtin·

178 4235 231 4304 et,
256 4227 385 4318 quique
409 4249 508 4294 saum
533 4225 618 4294 mibi
647 4221 820 4290 candorem
845 4221 982 4310 probet,
1008 4220 1090 4286 etsi
1116 4245 1181 4310 qua
1203 4234 1398 4305 occurrant,
1423 4247 1460 4290 ea
1486 4246 1547 4313 pro
1570 4223 1697 4314 ingenii
1713 4227 1764 4292 sni
1781 4225 1829 4294 le·

153 4245 276 4379 licium
301 4315 473 4395 restituat,
499 4339 559 4382 neo
588 4317 632 4380 ita
655 4311 739 4385 male
768 4313 920 4400 pertinax
946 4313 981 4378 in
1008 4335 1062 4376 me
1087 4309 1249 4401 virgulam
1274 4334 1459 4383 certsoream
1484 4314 1645 4404 stringat3
1669 4338 1828 4384 eumnou

153 4402 257 4468 unius
281 4403 426 4470 bominis
447 4408 507 4484 sit,
540 4403 657 4484 ¹uidere
688 4400 788 4468 simul
814 4399 925 4470 omnia
954 4413 985 4466 et
1013 4403 1143 4492 exequi.
1157 4401 1257 4468 Forte
1279 4401 1382 4468 cecidi
1407 4425 1487 4494 ego,
1513 4401 1628 4470 cecidit
1644 4406 1706 4498 qui
1724 4408 1828 4494 praei·

157 4492 230 4566 rit,
249 4495 344 4558 eadet
368 4495 430 4583 qui
459 4505 715 4584 consequetur.
742 4490 939 4558 'soleremus
964 4513 1021 4558 nos
1045 4493 1206 4560 invicem.
1233 4487 1408 4557 Caeterum
1432 4515 1509 4560 cum
1527 4509 1654 4560 nostrae
1675 4495 1828 4562 scientiae

153 4580 311 4669 perfectio
336 4594 368 4648 et
392 4583 468 4650 linis
492 4583 662 4652 ultimatas
689 4579 751 4659 ait,
775 4577 892 4648 Jesnm
917 4582 1018 4660 seire,
1044 4581 1123 4671 qais
1146 4601 1276 4646 auarum
1302 4581 1555 4649 meditationum
1578 4605 1597 4647 a
1620 4584 1752 4650 salutari
1769 4585 1829 4652 hoe

153 4672 292 4736 nomine
317 4695 382 4738 ιιοιι
403 4691 531 4762 caperet
559 4659 760 4762 primordia?
789 4667 904 4756 Quare
928 4671 1027 4736 enixe
1055 4693 1230 4761 precamur
1252 4669 1371 4738 lesum
1394 4685 1564 4756 nostrum,
1586 4684 1623 4740 ut
1650 4673 1746 4740 nobis
1762 4678 1827 4762 jam

39 4802 46 4813 ·
151 4760 271 4916 dvoleus
294 4785 330 4826 ae
358 4767 521 4853 propitius
546 4761 651 4846 adsit,
676 4759 721 4824 ob
747 4762 891 4827 nominis
915 4759 964 4828 aui
995 4761 1189 4826 sanctissimi
1218 4757 1374 4852 gloriam.
1410 4761 1507 4830 Illius
1535 4761 1688 4854 auspicio
1714 4763 1826 4853 proin·

177 4863 304 4918 cesto.
1805 4879 1808 4886 ·

828 5017 1077 5091 CAPUT
1122 5019 1151 5086 Ι.

641 5192 893 5266 Vocabulorum
915 5191 1139 5261 evolutionem
1163 5205 1349 5261 tractans.

377 5403 397 5454 S
417 5405 446 5458 t!
459 5405 495 5458 Μ
509 5405 544 5458 Η
559 5403 587 5458 A
605 5405 631 5458 ll
650 5405 722 5458 JA.
1015 5399 1060 5456 De
1076 5401 1210 5465 combula
1221 5403 1297 5478 juris
1313 5403 1459 5481 retransire.
1478 5423 1507 5460 ιι.
1526 5403 1550 5457 2

1014 5487 1105 5560 Hujus
1122 5489 1177 5542 loci
1193 5488 1317 5556 receptio.
1335 5507 1364 5542 ιι.
1384 5491 1410 5542 a.
1450 5555 1453 5562 γ

146 5569 346 5624 Vocabulorum
365 5574 463 5626 uotitr'ct
481 5572 625 5628 adrerum
648 5569 813 5626 Intellectum
828 5565 961 5641 proficit.
1017 5569 1137 5629 Ulterior
1151 5572 1305 5645 explicatio.
1322 5591 1350 5626 ιι.
1369 5573 1394 5626 l.
1414 5585 1439 5629 et
1457 5575 1482 5628 t.

84 5657 88 5667 '
182 5671 255 5710 num.
276 5657 301 5706 l.
1016 5651 1099 5726 On'go
1117 5653 1241 5712 vocabuli
1256 5657 1363 5712 uxorii.
1380 5674 1409 5712 ιι.
1426 5658 1453 5709 o.

233 5741 334 5814 ιιιγιιι
353 5739 412 5796 ror
436 5743 473 5804 u,
590 5749 593 5754 ·
1525 5741 1561 5793 aa
