4480 6196
202 395 397 474 ilioiry'udiciis
408 393 500 468 stiur.
512 392 595 450 culn.
613 390 632 446 1.
652 391 679 444 i.
695 410 719 458 ιι.
739 393 764 445 1
783 392 824 446 tit.
842 396 870 450 8.
888 419 903 450 s
920 400 1017 467 quilius

203 489 295 560 [soeriis
313 484 387 537 nulls
405 499 451 536 reo
470 480 562 534 relicte
580 476 714 541 libentio,
734 477 787 531 uiri
813 497 861 549 per
886 481 1018 536 semiusto.

203 587 261 620 nem
283 589 296 620 ι
315 568 424 634 eursjuge
443 563 583 616 innocente
599 559 695 616 lactem
715 574 771 616 aut·
789 562 926 619 seddodie
943 584 965 619 c.
985 568 1021 620 ad

574 293 622 351 DE
640 292 1037 358 morinummontem
1056 297 1162 358 thct
1180 302 1444 364 onttntrrottes
1461 318 1522 363 rer.

1785 311 1839 366 tito

1071 412 1122 450 ure
1140 401 1282 453 usualiter
1307 401 1396 470 putruit
1416 417 1476 454 cum
1493 417 1522 455 er
1549 402 1669 456 meritur.
1695 404 1819 475 carpatis.
1845 407 1890 461 cit.

1072 479 1091 530 1.
1113 479 1255 535 Brrrnsrem.
1267 483 1295 535 r'u
1306 495 1395 555 porat.
1415 485 1575 540 Wesenbrc.
1595 507 1638 555 ou.
1660 492 1702 541 17.
1714 489 1747 560 ff
1759 490 1799 545 ad
1807 493 1825 544 1.
1832 493 1889 565 jul.

1073 568 1106 620 de
1124 565 1266 620 adulterio.
1287 569 1339 620 nisi
1358 571 1493 636 jussuum
1512 571 1646 624 remisisse
1661 574 1714 626 dici
1729 575 1800 627 velit.
1815 577 1889 632 idem

202 653 222 703 t.
232 651 343 723 juliam
373 649 406 702 de
424 649 510 702 adult.
528 645 605 698 Coei.
623 645 682 716 jur.
701 647 837 700 calmense
860 648 900 698 lit.
917 647 937 697 1.
954 665 977 698 e.
996 649 1020 700 1.
1064 651 1130 721 jure
1141 651 1220 704 culm.
1233 651 1276 704 cr't.
1289 654 1307 705 l.
1319 653 1418 704 verbis:
1437 649 1766 719 UndfiruerElselr'clseu
1781 660 1889 731 lescies·

203 733 237 786 ob
256 735 379 786 lrousuens
411 729 577 783 matrimouii
611 739 712 782 trntnnr
745 749 909 803 concessum,
935 735 1021 790 Strui.

204 828 339 889 syntagm.
352 817 412 888 jar.
430 813 478 868 civ.
497 811 537 869 ad
551 815 592 864 tit.
610 814 649 865 ad
663 813 682 864 1.
696 815 748 882 jot.
767 816 792 868 d.
809 815 893 870 adult.
912 817 949 869 tls.
977 819 1021 871 30.

205 905 237 956 lu
255 920 308 972 qus
329 901 438 972 quidem
456 896 635 968 extorquendo
654 899 706 950 rolr
732 899 871 952 civilitatis
888 896 1022 970 proficuos

208 988 323 1041 remedie
341 984 451 1047 adsunt,
470 997 562 1052 preces
581 997 676 1050 nempe
693 992 721 1036 et
739 981 903 1050 blanditiae,
926 987 1021 1055 quibus

206 1073 344 1138 coniugum
365 1069 405 1121 irs
422 1065 542 1133 mitigeri
561 1066 642 1128 sciet,
666 1069 823 1136 praesertim
848 1067 870 1120 si
896 1070 979 1123 aruics
998 1083 1021 1128 et

1072 731 1161 786 indes
1173 735 1289 788 matinen
1301 735 1407 788 ootteu.
1417 733 1452 788 Fa
1463 745 1551 790 umen
1565 739 1728 806 juriscisilis
1740 754 1764 794 et
1774 748 1890 801 ostimen-

1073 818 1112 870 sis
1124 816 1361 887 differentis‚quocl
1377 821 1435 901 jure
1447 819 1519 873 cirili
1534 821 1562 872 io
1574 821 1702 876 adulterio
1715 825 1831 896 simplici
1844 845 1891 900 pes·

1073 903 1148 954 tutem
1168 904 1383 957 intercessionem
1401 903 1521 972 conjugit
1532 905 1620 958 omnir
1635 907 1757 960 remissio
1769 909 1889 968 sidentur

1072 985 1218 1050 intellecto,
1233 985 1261 1036 iu
1275 983 1409 1055 dupiicrto
1427 1001 1487 1038 sero
1505 986 1636 1055 mitigetio
1649 998 1748 1043 tontum
1760 992 1887 1063 obstusu.

1071 1081 1098 1124 ut
1115 1079 1213 1123 snsststu
1232 1086 1312 1140 poena
1331 1069 1425 1122 mortis
1442 1071 1479 1121 eit
1497 1070 1526 1122 in
1543 1087 1653 1140 porum
1666 1071 1844 1144 esilil,qnsm
1861 1091 1887 1136 et

206 1149 1020 1225 blandissimainconcubitumoccesseritinsitrtio,inquens
1070 1157 1162 1222 neojur
1183 1153 1308 1206 innocens
1326 1154 1398 1222 ιιιμιὶ
1418 1162 1528 1205 secetur.
1555 1153 1700 1206 Brnnuem.
1728 1155 1758 1208 iss
1780 1162 1890 1218 ootatr't.

206 1239 228 1292 si
249 1236 419 1290 consenserit
436 1237 549 1304 conjux,
565 1232 695 1286 facillime
713 1233 779 1288 elias
796 1236 828 1286 rd
847 1238 1018 1306 voluptatem,

206 1321 344 1376 Ιιοιιιιιιιιι
359 1333 443 1372 tumen
458 1320 529 1368 inter
540 1319 663 1384 conjuges
676 1317 737 1369 licet
751 1317 805 1370 rlic
817 1315 950 1388 liniqusm
960 1340 1018 1391 μω.

211 1403 374 1472 generamine
399 1403 482 1456 soboli
504 1403 665 1467 institutum,
692 1403 779 1466 sigero
807 1406 830 1454 1.
850 1406 971 1458 coriaut.
996 1409 1020 1458 ’1,

206 1506 275 1542 vers.
293 1490 318 1540 1.
340 1488 392 1538 ὓιι.
411 1488 517 1540 Pruesrs
536 1487 564 1536 ιἰι
576 1495 655 1541 tract.
668 1483 772 1556 dejure
782 1502 909 1542 rensuum
921 1491 982 1544 diss.
996 1492 1022 1544 ·1.

207 1593 229 1628 c.
243 1575 268 1624 3.
282 1593 309 1625 ιι.
324 1573 367 1622 11.
386 1572 429 1624 11.
449 1570 491 1624 13.
511 1569 684 1638 pelliciendos
703 1573 742 1623 sic
760 1573 802 1639 jue
820 1572 913 1640 egendi
927 1587 950 1630 et
963 1595 1021 1646 poe-

207 1677 267 1712 nsuu
289 1657 412 1724 exigendi
433 1653 568 1708 remisisse
587 1653 699 1706 ridetur.
717 1653 933 1726 Carpionpraos.
947 1660 1020 1713 ωἰιιι.

205 1763 232 1810 ρ.
244 1745 269 1796 1.
282 1761 326 1810 qtr.
337 1742 379 1792 titt.
397 1759 424 1792 ιι.
440 1739 482 1790 10.
496 1737 610 1790 Berlich.
621 1757 646 1805 ρ.
661 1738 684 1790 1.
696 1740 782 1790 conci.
793 1741 835 1792 17.
847 1760 873 1792 ιι.
890 1742 948 1794 tot.
963 1763 1019 1814 arg.

210 1828 228 1880 1.
245 1829 286 1876 11.
300 1837 324 1878 et
336 1835 392 1878 aut.
405 1824 455 1876 sed
465 1838 538 1876 novo
551 1821 702 1893 cmdljul.
716 1823 748 1876 de
762 1825 847 1877 adsuit.
860 1825 914 1878 Nee
927 1826 954 1877 id
967 1831 1025 1895 jure

210 1911 354 1962 tuosissimo
371 1908 539 1960 immuteturn
558 1921 623 1957 trost.
639 1907 701 1958 117.
718 1925 741 1958 c.
753 1908 783 1960 8.
797 1911 885 1978 rigore
895 1913 968 1980 cnjus
979 1912 1023 1965 du·

212 2006 283 2046 ruisse
295 2009 415 2062 processu
434 2001 493 2044 rute
512 1989 759 2044 condemnationem
779 1993 889 2047 retineri
905 1995 1023 2065 potuitet

212 2078 300 2132 debuit
318 2078 346 2132 in
364 2076 441 2130 domo
459 2077 556 2144 conius
573 2085 700 2130 accusata·
723 2075 782 2132 Non
808 2089 895 2132 umen
913 2078 1020 2132 cottabi·
1057 2141 1061 2152 .

1074 1237 1203 1292 Wereob.
1217 1255 1260 1306 ou.
1279 1239 1322 1288 30.
1331 1234 1372 1303 ff.
1392 1237 1430 1291 acl
1444 1235 1462 1289 1.
1473 1237 1525 1305 iul.
1537 1234 1571 1290 de
1586 1237 1671 1292 adult.
1682 1241 1747 1293 iore
1759 1242 1889 1297 colosensi

1073 1338 1133 1375 vero
1151 1322 1228 1374 etiem
1249 1320 1276 1372 iu
1296 1320 1412 1390 simplici
1432 1318 1562 1376 adulterio
1580 1329 1683 1374 tentum
1698 1323 1832 1392 mitigatio
1842 1327 1891 1380 ob·

1074 1407 1154 1459 tinent
1172 1407 1215 1458 cis.
1229 1406 1248 1457 1.
1261 1405 1324 1476 sip.
1337 1405 1362 1456 1.
1375 1404 1413 1456 tit.
1434 1405 1460 1458 8.
1472 1422 1497 1460 c.
1515 1403 1540 1455 1.
1560 1404 1637 1458 ueri.
1649 1405 1750 1474 jedaols
1769 1409 1834 1462 dass
1850 1409 1891 1466 rie

1075 1489 1155 1557 teyde
1172 1489 1222 1540 doe
1239 1487 1319 1542 nand
1338 1503 1480 1540 raeumen.
1498 1501 1533 1538 ex
1551 1491 1671 1552 ratione,
1689 1487 1756 1557 quod
1775 1500 1802 1542 et
1825 1492 1892 1544 sisn-

1075 1574 1135 1642 plea
1154 1573 1203 1624 huc
1220 1575 1278 1640 jure
1295 1571 1455 1624 edulterium
1476 1571 1512 1622 rit
1529 1570 1646 1641 capitale.
1671 1572 1714 1627 cit.
1738 1573 1755 1626 1.
1781 1573 1820 1626 tit.
1847 1577 1890 1630 10.

1081 1660 1142 1712 i'oa
1159 1656 1258 1728 Struffis
1276 1655 1324 1710 der
1342 1657 1495 1723 Nettsoege
1511 1655 1579 1724 qnod
1599 1673 1671 1710 secor
1691 1656 1754 1724 iure
1769 1657 1847 1710 ciuili
1867 1659 1890 1726 ς.

1074 1743 1101 1796 1.
1113 1743 1144 1795 in
1158 1751 1213 1796 tue
1225 1743 1287 1796 inst.
1301 1741 1333 1792 do
1342 1739 1456 1812 puhlicis
1464 1738 1582 1808 iudiciis.
1595 1739 1629 1794 tn
1647 1741 1685 1796 sio
1702 1752 1730 1795 et
1749 1742 1821 1796 hisce
1834 1757 1893 1812 spe·

1075 1827 1226 1881 cisliorilsus
1243 1825 1346 1880 essibus
1369 1823 1539 1878 rutisiuctum.
1559 1826 1698 1876 coeterum
1716 1825 1805 1894 plures
1830 1823 1892 1880 clari

1076 1928 1130 1965 oon
1149 1927 1224 1980 nego,
1240 1911 1287 1964 red
1303 1925 1367 1978 qim
1392 1909 1424 1962 sd
1443 1908 1571 1976 generalis
1596 1907 1733 1963 civilitatis
1759 1909 1895 1980 proficuos

1077 1995 1193 2050 umetis
1210 1992 1234 2068 fi·
1254 1998 1280 2048 1.
1297 2003 1324 2049 et
1339 2011 1410 2066 sequ
1430 1993 1537 2064 ellegere
1554 1993 1691 2049 remisisse
1708 1991 1831 2052 sufficiet

868 2240 1115 2311 CAPUT
1160 2243 1238 2311 Vll.

584 2410 636 2476 De
660 2411 823 2478 civilitate
844 2416 997 2503 preficere
1021 2419 1118 2483 cisen
1142 2414 1283 2482 ultimas
1306 2413 1522 2484 voluntates.

449 2583 784 2638 SUMHARIA

216 2754 334 2810 Ultr'mae
352 2754 501 2810 voluntates
510 2769 578 2823 prae
591 2751 695 2806 cetibus
705 2749 779 2804 inter
795 2753 872 2810 vivos
889 2754 1029 2811 eiusliores

246 2851 318 2894 runt.
338 2857 366 2892 ιι.
386 2839 410 2890 1.

1076 2605 1194 2660 quosque
1212 2599 1312 2642 mentes
1331 2587 1364 2640 ut
1382 2587 1489 2642 mitiora
1509 2586 1593 2642 trehit
1616 2588 1737 2643 consilia.
1761 2591 1848 2661 Quam
1867 2591 1896 2645 iu

1078 2691 1134 2728 rem
1156 2675 1189 2726 ite
1208 2674 1322 2742 gresitsr
1341 2671 1519 2725 Senserit.
1546 2671 1579 2725 de
1604 2671 1741 2740 boneficiis
1763 2673 1807 2726 11.
1834 2675 1900 2744 quial

1080 2769 1121 2810 ert
1135 2777 1217 2826 quare
1229 2757 1303 2825 groti
1319 2757 1431 2810 velimus
1449 2771 1517 2820 erse,
1536 2773 1598 2810 cum
1616 2755 1770 2812 morimur?
1788 2759 1822 2810 Ιιι
1849 2757 1897 2811 illo

1080 2853 1174 2894 tomen
1193 2840 1307 2895 cordine
1323 2840 1419 2905 coriti,
1439 2839 1516 2892 abira
1535 2859 1550 2892 e
1567 2839 1648 2893 redut
1666 2841 1795 2896 lrumanr'r
1817 2859 1899 2911 quom

214 2925 249 2978 In
261 2923 425 2977 inuitatione
438 2921 545 2977 uutau
559 2920 711 2973 uccmrario
723 2917 842 2972 civilitas
860 2920 895 2972 ol
915 2939 1030 2976 commo·
1075 2921 1224 2992 ςιιιίιιίιιιι·
1241 2925 1375 2978 commas.
1395 2923 1485 2992 ipsum
1503 2922 1587 2990 igitur
1606 2925 1665 2989 jur,
1682 2925 1774 2976 relicta
1793 2923 1821 2976 iu
1834 2923 1900 2978 nlti-

249 3009 323 3063 dum.
341 3027 369 3061 ιι.
388 3008 414 3059 1.

214 3095 343 3148 Paterna
354 3090 468 3144 oisilitor
480 3091 512 3140 iss
531 3085 730 3150 benedictione,
748 3106 786 3140 an
804 3098 881 3141 aocet
892 3087 990 3144 vitium
1001 3107 1032 3142 o·

250 3180 345 3233 tunsus
357 3175 541 3230 institutionis.
559 3173 700 3242 Ouidium
711 3173 864 3225 colosensi?
876 3191 902 3226 ιι.
916 3175 940 3226 d.

216 3265 264 3315 Au
277 3259 341 3330 filio
360 3271 458 3314 noceat
477 3257 606 3319 civilitas,
628 3257 676 3326 qui
697 3273 757 3308 cunr
780 3255 930 3327 inofficiosi
954 3273 1032 3325 ogere

248 3347 339 3412 possit,
352 3365 407 3398 ιιοιι
420 3353 495 3414 ειμι,
506 3351 531 3396 et
543 3341 572 3394 in
587 3341 696 3411 reliquis
708 3341 871 3397 voluntatem
882 3342 968 3408 putris
981 3359 1031 3392 erc·

250 3431 390 3502 sequitur?
408 3449 436 3482 ιι.
455 3427 481 3479 1.

214 3521 296 3572 item:
310 3515 335 3568 ti
344 3531 394 3582 per
403 3522 512 3580 paetum
525 3528 562 3564 etr
574 3505 703 3561 civilitate
721 3508 751 3558 ιἰι
770 3506 934 3560 voluntatem
946 3507 1034 3578 putris

249 3593 570 3666 consensit?Qaiiljuris
584 3593 612 3642 iu
630 3591 753 3656 personis
764 3589 937 3644 illustribus?
950 3609 976 3642 ιι.
990 3591 1015 3643 ii.

217 3683 340 3738 Civilr'tos
356 3681 478 3749 proficuo
496 3674 705 3731 commendatur
713 3673 796 3742 silio,
815 3689 848 3726 ne
868 3672 1034 3726 cohaeredu-

251 3779 293 3822 tur
304 3763 458 3839 inofficiosi
468 3774 549 3833 agot,
562 3763 612 3814 red
619 3771 712 3812 contra
724 3759 858 3812 solemnio
871 3769 1036 3813 ιαιιιιιιιιιιιο-

252 3850 289 3902 do
306 3852 434 3918 disputet.
448 3847 521 3917 iuris
538 3841 683 3900 eulminsis
700 3842 789 3894 mixta
808 3841 955 3910 inquisitio.
968 3859 993 3892 ιι.
1008 3843 1032 3894 0.

219 3934 433 3988 Adevitomiam
448 3929 722 3994 ealeoeredotionem,
736 3929 839 3998 justam
865 3926 950 3993 aliur,
970 3944 1033 3997 pro·

257 4019 314 4073 dest
331 4016 450 4070 civilitas
457 4013 545 4085 filio?
564 4033 592 4066 ιι.
611 4014 639 4070 7.

224 4101 368 4172 Quomodo
382 4103 466 4167 turpis
474 4115 593 4170 perrona
601 4092 762 4166 praestum
773 4093 881 4150 institui
882 4093 965 4167 poerit
976 4095 1033 4150 irae·

256 4203 313 4251 rer,
326 4185 440 4238 docetur·
451 4201 488 4236 ese
506 4181 636 4235 civilitate
646 4179 780 4250 proficue.
792 4197 818 4230 ιι.
831 4181 857 4230 0.

219 4273 502 4326 Fsiieicommirsorum
514 4270 591 4339 origo
611 4277 637 4320 et
655 4279 756 4320 notura
769 4265 798 4318 in
811 4265 954 4331 civilitate,
967 4281 1033 4336 quo·

254 4362 336 4414 modo
349 4361 413 4410 iaec
423 4351 657 4426 proficuastusat
676 4369 701 4404 ιι.
722 4351 748 4402 ii.

223 4445 259 4498 [lt
274 4441 400 4511 legatarii
408 4441 526 4506 legatum
545 4445 745 4504 cousequantur
755 4433 786 4485 in
797 4449 867 4487 caso
883 4431 926 4488 .si
939 4433 1035 4486 itaer-ee

255 4529 332 4584 adire
345 4527 502 4578 domnorum
513 4523 705 4577 lraeredr'tntem
725 4518 811 4582 nolit,
831 4535 888 4570 ιιοιι
909 4515 965 4569 uisi
975 4516 1035 4568 sola

257 4611 384 4669 civilitate
392 4611 533 4680 iuvantur,
547 4625 603 4658 nou
616 4604 683 4657 obst·
697 4604 726 4655 11·
739 4621 767 4654 ιι.
782 4603 826 4654 10.

221 4702 270 4752 Au
289 4697 401 4751 donatio
427 4692 523 4748 mos-tir
539 4705 632 4744 eom
643 4705 679 4742 eo
702 4685 830 4741 civilitate
847 4682 972 4737 derivata⁴
986 4682 1041 4736 dot

252 4782 356 4855 possit?
376 4799 404 4833 ιι.
425 4781 468 4830 11.

224 4871 272 4920 Au
284 4867 364 4919 lioeot
375 4873 529 4916 testatorem
542 4856 662 4912 civilibus
673 4854 765 4908 uerbis
775 4855 814 4908 acl
822 4849 948 4923 siliquis
955 4851 1036 4906 reliu-

257 4949 392 5022 quendum
404 4945 528 5015 adigere,
547 4939 681 5012 quomodo
702 4938 781 4990 dolus
794 4951 871 4990 verus
884 4937 928 4988 trio
942 4936 1037 4992 eraclo-

262 5036 358 5098 elutur‚
373 5045 509 5085 enumero
519 5023 677 5098 apperens?
687 5041 715 5075 ιι.
729 5023 772 5074 11.
849 5035 852 5042 “

1081 3025 1122 3058 ma
1140 3010 1280 3060 voluotrte
1297 3017 1405 3078 propter
1423 3005 1586 3062 effectionem
1606 3009 1696 3062 relicto
1715 3009 1867 3074 proesumit.
1881 3009 1901 3064 1.

1080 3093 1107 3144 tt.
1116 3090 1159 3160 ff.
1168 3079 1222 3164 pro
1234 3092 1322 3146 rocio.
1341 3093 1438 3146 tuton.
1456 3091 1565 3145 Gesner.
1578 3107 1641 3144 vor.
1659 3107 1709 3144 res.
1722 3101 1741 3142 ι.
1762 3094 1786 3144 1.
1796 3108 1820 3144 o.
1832 3091 1859 3144 1.
1871 3111 1900 3144 ιι.

1081 3177 1099 3226 0
1127 3177 1200 3244 Quae
1211 3175 1413 3245 qualiscumque
1431 3175 1485 3239 rit,
1506 3174 1562 3228 eise
1573 3174 1733 3227 onteoedenr
1745 3176 1800 3228 sisa
1811 3191 1900 3229 oocu-

1079 3273 1179 3326 quens‚
1197 3256 1350 3309 dilectionis
1368 3265 1454 3308 urueu
1472 3267 1500 3309 et
1515 3255 1654 3310 eisilitatis
1672 3255 1794 3310 effectum
1818 3260 1899 3311 deno·

1082 3353 1127 3394 tot.
1147 3343 1216 3395 Duru
1236 3358 1298 3396 sero
1315 3355 1379 3409 pree
1397 3339 1500 3392 actibus
1518 3340 1589 3394 inter
1608 3340 1679 3394 siros
1707 3342 1789 3410 magis
1806 3342 1900 3396 civiles

1082 3443 1139 3478 esse
1156 3425 1274 3478 diximus
1293 3425 1402 3477 ultimos
1420 3425 1586 3488 voluntstes,
1606 3425 1691 3493 megia
1713 3441 1816 3494 quoque
1834 3444 1900 3495 pro·

1082 3509 1164 3564 incuss
1183 3528 1242 3564 esse
1258 3508 1402 3579 oportebit.
1429 3508 1501 3560 llice
1527 3519 1628 3562 tanturn
1654 3529 1669 3562 ι
1693 3509 1795 3578 legibus
1815 3521 1902 3564 tractre

1084 3602 1146 3644 suut
1163 3594 1308 3646 auxilium.
1327 3604 1358 3645 ut
1377 3590 1479 3661 publici
1496 3594 1563 3658 juris
1581 3591 1661 3646 iectu
1673 3592 1772 3648 inerint
1784 3594 1812 3644 iu
1826 3595 1900 3646 exitu

1085 3677 1204 3730 habendo
1220 3678 1240 3728 1.
1253 3677 1294 3730 vel
1306 3693 1409 3744 urgere
1421 3673 1491 3742 iffi
1501 3685 1659 3728 testamento
1671 3677 1823 3746 quemadm.
1837 3695 1902 3744 ope·

1084 3759 1264 3814 rianturinst.
1276 3776 1312 3829 pr
1332 3780 1360 3813 ιι.
1381 3759 1424 3812 10.
1444 3763 1486 3810 11.
1505 3759 1582 3828 Quod
1601 3759 1664 3812 iacit
1683 3759 1811 3812 furnorum
1830 3760 1898 3812 illud

1084 3845 1202 3896 salome:
1213 3845 1284 3913 leger
1296 3861 1352 3896 uon
1364 3843 1426 3912 pati
1442 3841 1559 3911 aliquem
1571 3842 1599 3895 in
1612 3845 1757 3896 onor'etotr
1768 3843 1847 3896 mori·
1862 3847 1899 3899 Ut

1085 3945 1146 3981 sero
1157 3929 1310 3980 ultimorum
1324 3928 1485 3980 soluutstum
1496 3927 1605 3994 speeies,
1618 3945 1682 3994 ques
1694 3927 1810 3991 estttu,
1823 3927 1900 3979 Crsd.

1083 4014 1216 4068 Francise.
1229 4015 1344 4066 Mentior
1362 4012 1395 4065 de
1412 4011 1577 4083 conjecturis
1588 4011 1636 4064 ult.
1648 4012 1751 4064 ootuut.
1762 4011 1808 4063 tit.
1824 4013 1848 4063 t.
1861 4010 1903 4064 tir.

1087 4098 1112 4150 li.
1129 4097 1223 4150 ordine
1242 4099 1279 4150 ite
1298 4111 1496 4166 percurremus,
1515 4105 1541 4146 et
1567 4105 1595 4146 ut
1616 4095 1685 4146 cirea
1710 4103 1737 4146 et
1763 4097 1903 4148 occasions

1087 4183 1239 4238 eurumdem
1257 4181 1396 4235 cisilitrtis
1414 4175 1544 4249 proficuos
1563 4193 1639 4230 casm
1656 4177 1850 4244 examinemus,
1868 4177 1902 4231 rb

1090 4270 1148 4339 ipso
1168 4277 1332 4322 teststnenlo⁴
1342 4265 1485 4317 ordiemurt

1124 4353 1246 4406 Furorum
1265 4359 1403 4403 externum
1428 4363 1474 4398 sen
1496 4344 1663 4399 assistentem
1680 4344 1844 4398 constituunt
1863 4362 1905 4400 ro-
1922 4340 1941 4392 1

1091 4435 1189 4489 lernnia
1210 4438 1269 4503 jure
1288 4433 1363 4486 civiti
1383 4431 1576 4490 determinato.
1599 4445 1711 4498 qnorum
1737 4429 1903 4500 proecipuura

1089 4531 1191 4589 septem
1210 4521 1321 4571 testium
1339 4514 1416 4568 scidit
1434 4513 1581 4584 praesentio
1599 4511 1618 4562 l.
1636 4513 1663 4564 si
1678 4529 1748 4564 ιιιιιιι
1767 4513 1811 4564 11.
1828 4529 1851 4566 e.
1871 4513 1905 4568 ‹ta

1088 4615 1194 4657 cauom·
1206 4602 1292 4672 Quem
1310 4601 1426 4670 quidem·
1437 4601 1474 4650 ite
1493 4587 1750 4664 ueceissrisroleges
1763 4596 1903 4662 inducunt,

1087 4689 1153 4756 quin
1172 4689 1256 4757 surgis
1271 4685 1444 4739 necessrriem
1461 4680 1547 4734 adhue
1557 4679 1590 4730 ad
1604 4679 1717 4730 salutern
1729 4679 1786 4748 ejus
1797 4695 1906 4748 preera-

1074 4770 1212 4836 2quirsut.
1234 4781 1281 4824 eut
1304 4771 1393 4839 potius
1419 4762 1741 4825 sordeant-cirilitetern.
1768 4763 1844 4828 enjus
1860 4780 1904 4817 er·

1089 4865 1242 4921 gusuentcns
1262 4857 1366 4924 pmsie
1382 4861 1424 4904 ert
1440 4867 1454 4902 ι
1473 4858 1596 4902 testatore
1619 4845 1686 4898 iactr
1712 4846 1801 4900 cisilis
1832 4846 1904 4900 insi·

1091 4944 1172 5002 totio,
1189 4957 1258 5010 quc
1273 4939 1403 5010 precibus·
1418 4935 1560 5006 persgitur·
1583 4935 1705 5004 Rogatus
1721 4934 1796 4986 suus
1814 4934 1853 4986 irs>
1863 4941 1906 4986 tr·

1088 5039 1222 5080 eramento
1239 5034 1344 5096 oportet
1361 5037 1419 5076 erre
1442 5027 1521 5072 testes
1535 5018 1616 5087 josto
1637 5015 1755 5070 verbuli
1771 5013 1902 5068 tama

226 5111 518 5173 Declaratiooiviliius
530 5107 621 5162 verbis
620 5104 706 5175 sacto
715 5101 834 5172 prodest,
848 5119 884 5155 ne
892 5100 976 5170 gestio
985 5117 1035 5171 pm
1087 5112 1181 5183 patum
1200 5114 1245 5164 nt.
1262 5111 1327 5174 ssi.
1336 5103 1378 5174 ff
1402 5103 1451 5174 oui
1471 5111 1576 5156 tutam.
1589 5099 1700 5169 ficere*
1713 5115 1801 5164 porse·
1825 5101 1902 5152 autlr.

261 5201 378 5256 dorreti!
389 5200 528 5251 dmtwifl·
542 5195 586 5243 ³⁸⁹⁸·
599 5209 626 5242 η·
640 5191 685 5242 ¹3·
1090 5195 1192 5264 rogasti
1206 5211 1230 5247 e.
1248 5194 1282 5247 de
1298 5191 1417 5246 testidues
1435 5187 1512 5257 Quod
1531 5185 1569 5240 ite
1585 5179 1805 5254 emplientddtes
1817 5193 1847 5236 ut
1857 5199 1905 5236 ro·

225 5288 304 5342 Cim
317 5267 1035 5339 11111300800110191110113101101001111111113111111·
1086 5277 1207 5348 gationir
1223 5275 1386 5329 mentionem
1403 5272 1485 5324 etiem
1511 5276 1666 5322 testsmento
1689 5269 1837 5320 necatario
1860 5266 1903 5320 in·

260 5389 337 5426 cuae.
355 5365 436 5421 Μ*
452 5361 593 5420 Smm'ss‘
604 5369 631 5413 ²⁸
643 5357 770 5412 wilm·
791 5353 896 5409 1011310·
915 5373 944 5408 ⁸·
958 5354 1001 5408 Η·
1088 5364 1235 5418 serendum·
1244 5376 1302 5413 erre
1316 5357 1445 5427 judicent,
1463 5356 1528 5407 olias
1544 5367 1673 5408 esmncn
1685 5352 1901 5422 passessiones

1088 5455 1126 5501 stt
1142 5445 1295 5500 solesnnitrr
1307 5443 1464 5496 ersucsccu
1476 5437 1595 5491 Maurice
1607 5433 1724 5507 deoouj.
1737 5435 1785 5490 ult.
1797 5436 1900 5492 solunt

190 5559 204 5606 ί
226 5491 414 5596 Uulscorum
432 5533 595 5586 soluntsturn
622 5535 730 5589 nstnrr,
754 5533 783 5577 nt
805 5523 951 5592 plurimum
975 5535 1038 5591 pree
1089 5535 1107 5588 ι,
1126 5535 1151 5588 2
1168 5533 1209 5586 ιιι.
1229 5532 1319 5582 114.
1338 5522 1675 5580 inhonestissimum.
1694 5521 1733 5574 tit.
1758 5520 1783 5576 1.
1809 5540 1854 5592 qu.
1875 5525 1900 5576 1.

122 5621 124 5626 ’
225 5626 324 5678 uctiltos
342 5625 412 5674 iuter
435 5619 507 5672 siros
530 5613 675 5686 placidior,
693 5627 812 5678 maguum
836 5608 972 5662 civilitatis
990 5625 1035 5662 no·
1088 5639 1117 5674 η.
1131 5619 1191 5671 101.
1204 5616 1279 5668 Alex.
1295 5611 1353 5666 oct.
1371 5611 1396 5662 2
1415 5623 1490 5660 cour.
1508 5607 1553 5660 70.
1572 5625 1600 5658 ιι.
1617 5605 1660 5660 10.
1673 5607 1749 5676 corifi
1760 5607 1804 5662 03.
1817 5609 1900 5661 ιι.11.

231 5723 283 5764 μω
298 5723 357 5780 pm
370 5723 399 5756 qs
416 5703 482 5765 ῐςιι,
502 5701 564 5754 duro
584 5698 641 5768 ipse
654 5695 747 5748 mortis
760 5692 883 5764 cogitatio
896 5692 1036 5748 acerrimus
1088 5702 1204 5758 movebit
1225 5703 1270 5752 lric
1287 5691 1469 5750 difficultatem
1488 5705 1537 5761 pro
1554 5690 1678 5744 elidenda
1692 5691 1902 5761 civtttrusotijs·

2019 5760 2100 5788 Α
