4446 6220
403 269 458 324 828
884 267 1074 323 utsttttrtt'r.
1093 267 1151 323 ΧΠ.
1169 267 1311 324 umus.
1330 269 1365 322 tl.
1384 267 1482 326 SECT.
1500 268 1521 323 l.
1933 263 1987 318 Sil

348 370 442 442 ptioue
460 365 597 438 praeiicta
614 380 675 418 essu
699 379 752 416 non
781 361 818 414 sit
842 379 924 432 epus,
942 363 1005 416 base
1030 374 1088 430 est,
1104 362 1167 434 quis
1218 365 1430 434 quamtioeiassi
1449 359 1631 437 exemplorum
1651 362 1799 418 securitatis
1811 361 1898 433 ipsius
1915 362 1982 431 juris
1993 379 2041 414 oo·

349 457 395 510 ubi
414 454 518 511 nullum
528 453 641 524 legatum
651 449 758 513 extitit,
772 446 811 500 ibi
826 448 897 500 nulla
910 449 942 500 sal
955 451 1069 520 legatum
1088 451 1171 515 aetio,
1220 448 1292 512 lente
1308 451 1436 504 creditore
1451 450 1645 520 contingentis,
1664 447 1783 502 mandem
1798 457 1885 500 tamen
1909 465 1966 500 sero
1983 447 2043 499 aui·

348 540 412 592 baec
430 537 477 590 ubi
495 537 584 600 deest,
604 532 755 604 exceptioni
781 549 836 584 uon
860 543 902 585 est
927 535 1007 589 brus.
1031 535 1085 588 tibi
1110 552 1171 591 sero
1222 535 1393 599 matirersam,
1413 535 1457 588 bie
1474 545 1579 603 tangere
1596 535 1688 586 liceat.
1713 530 1887 600 Respondent
1902 531 1945 583 tt.
1964 543 2040 586 natu·

350 631 428 690 pxtre
444 619 627 690 exceptionem
648 629 717 672 totus
734 624 776 669 est
794 627 953 677 conventos,
972 626 1043 671 tutus
1061 617 1171 690 estipso
1223 633 1279 668 ram
1299 634 1351 670 nou
1370 617 1461 670 miuus
1479 617 1558 680 nolle,
1576 627 1602 671 ιιι
1620 615 1694 668 idem
1710 617 1752 668 sui
1767 619 1853 685 ipsios
1864 615 2042 670 eresiltoraut
2089 689 2093 694 Ι

351 709 418 776 iure.
443 704 517 756 ltoae
544 719 658 772 namque
682 700 831 752 securitatis
855 710 918 753 sunt
942 703 1058 772 speeies,
1087 701 1172 773 ipsius
1221 695 1546 769 testimoniumque
1565 699 1715 768 juseitile··
1735 698 1787 752 Seri
1806 699 1893 768 potius
1910 697 1972 767 quial
1992 713 2038 750 ra·

333 780 337 784 ¹*
348 789 419 858 jutis
436 796 465 840 et
482 803 529 858 per·
548 773 742 856 exceptionem.
761 782 839 852 Queri
859 784 960 836 nullum
980 802 1040 840 sero
1057 787 1171 854 legatum
1224 779 1289 832 linui
1307 780 1376 848 juris
1393 781 1480 834 ciriiis
1498 792 1620 850 congruat
1639 781 1797 833 intuentium
1818 780 1941 842 sirletur,
1959 795 2046 847 quasu-

351 873 436 934 iuerit
454 869 588 944 praeslicto
607 885 671 924 casu
687 868 739 920 nisi
759 885 859 931 unum,
875 869 941 918 tuot
961 867 1014 935 (do
1031 871 1105 937 essjus
1123 869 1171 922 de·
1218 880 1285 932 qraae
1302 862 1399 916 rationi
1417 866 1528 918 naturali
1547 863 1693 919 conformia
1711 873 1863 934 apparent.
1881 863 1948 915 tiso
1969 864 2043 932 prio-

353 958 411 1010 bito
431 967 518 1010 tamen
536 956 589 1022 jam
607 953 712 1023 agitur)
725 951 787 1004 inde
805 953 989 1021 perspicuum,
1002 953 1064 1023 quis
1081 953 1171 1005 omnia
1221 945 1260 1000 ris
1278 947 1349 1000 uuila
1367 943 1493 1014 ribuaria,
1512 949 1565 1002 nisi
1584 961 1709 1019 quatenus
1732 949 1790 1014 jore
1815 946 1889 1000 cirili
1915 959 2043 1016 recepte.

349 1043 523 1098 annullantur
540 1039 598 1094 illis
617 1039 744 1104 subluis,
761 1036 858 1106 quibus
876 1036 1057 1090 subsistebant·
1078 1035 1170 1088 Subsi-
1221 1030 1359 1084 Caetensus
1376 1031 1500 1102 quoniam
1518 1033 1588 1101 ioris
1605 1032 1695 1086 ciuilis
1711 1029 1899 1099 obligationem
1913 1030 1971 1100 ipso
1984 1032 2045 1098 jure

351 1131 457 1182 stabant
476 1128 559 1196 legata
573 1124 675 1180 tir-em
693 1123 723 1174 in
740 1122 768 1174 d.
785 1121 808 1172 ἱ.
818 1121 948 1174 uoluntate
966 1137 1031 1188 quae
1051 1135 1171 1188 praesen»
1220 1115 1341 1186 extingui
1358 1119 1401 1186 jus
1419 1133 1558 1170 moranum
1576 1118 1687 1181 statuit,
1712 1115 1785 1169 ielem
1809 1116 1892 1169 notre
1910 1112 2048 1184 magis-sle

355 1213 390 1266 tia
404 1214 520 1282 qssinque
531 1219 578 1264 unt
590 1221 691 1279 septem
713 1205 821 1259 testium
839 1204 973 1257 soterinis.
987 1205 1092 1256 Poterat
1111 1220 1172 1270 ergo
1220 1201 1334 1257 naturali
1352 1202 1466 1256 sensisse
1479 1201 1659 1271 judicantium.
1670 1201 1684 1270 l
1697 1201 1767 1255 liaeo
1778 1210 1908 1270 quatenus
1920 1215 2046 1252 commas·

350 1297 483 1350 contraria
501 1295 634 1348 soluutate
652 1292 698 1344 ilia
716 1291 878 1344 dirersorum
898 1287 1172 1353 legatorumrnluutsa
1221 1299 1283 1334 nem
1303 1281 1347 1337 dd.
1365 1284 1525 1354 opinionem·
1549 1301 1606 1337 sum
1635 1293 1755 1348 secutus;
1785 1293 1916 1336 caeterum
1946 1282 2050 1334 laisum

353 1377 411 1432 tolli
438 1376 541 1447 penitus
567 1388 629 1430 ante
652 1382 861 1428 consummatum
887 1380 1086 1435 testamentum,
1110 1373 1172 1439 quia
1221 1365 1289 1418 milti
1308 1367 1422 1433 rotetur,
1438 1367 1509 1438 quotl
1527 1365 1635 1424 effeetus
1651 1367 1779 1420 naturalis
1795 1367 1968 1436 obligationis
1987 1369 2043 1436 iuri

352 1479 413 1512 oum
435 1471 511 1513 restes
529 1457 615 1510 adhue
641 1464 793 1527 praesentes
817 1465 905 1520 erant,
925 1472 977 1506 uon
997 1455 1086 1507 minus
1103 1455 1172 1508 sols·
1219 1449 1293 1502 cirili
1311 1449 1555 1508 sintarlscribenrli.
1574 1449 1722 1522 imperator
1740 1451 1813 1504 enisu
1838 1451 1868 1502 in
1896 1449 2044 1506 institutio·

351 1541 424 1593 mnis
443 1541 497 1592 dici
518 1549 636 1610 poterat,
655 1555 733 1608 quatu
759 1537 806 1590 illa
831 1554 909 1606 quarn
935 1537 1061 1592 annullat„
1080 1537 1129 1591 bot
1147 1535 1171 1589 si
1220 1532 1299 1586 nibus
1314 1545 1342 1587 et
1358 1537 1528 1603 jureconsulti
1545 1537 1745 1604 pandectarum
1763 1535 1887 1602 inerme,
1905 1539 1947 1604 jus
1966 1547 2047 1590 natu·

352 1637 459 1682 testator
485 1635 676 1678 testamentum
701 1624 841 1696 scripserit
871 1635 933 1676 aute
955 1622 1175 1693 comparitionesa·
1221 1633 1265 1668 sss
1281 1633 1374 1669 utsttes
1390 1617 1559 1688 obstringere
1576 1631 1673 1688 gentes.
1692 1617 1830 1672 Censensli-
1844 1621 1935 1688 igiter·
1945 1621 2043 1674 soluis-

351 1699 475 1772 testium,
495 1708 668 1776 ejusdemque
691 1708 799 1760 diversa
818 1709 900 1776 legata
922 1718 984 1760 ante
1003 1706 1121 1760 eamdem
1139 1703 1172 1756 ad
1221 1716 1259 1764 ae,
1278 1711 1307 1752 ot
1323 1719 1401 1754 omne
1419 1705 1460 1769 ius
1479 1703 1622 1776 omonimo
1642 1707 1684 1772 jus
1702 1713 1809 1760 naturae
1827 1705 2040 1768 aestimetur,ui·

351 1794 431 1848 unius
449 1791 571 1846 eli'eetum
585 1793 773 1856 coarctaverit,
785 1810 837 1846 uon
852 1793 951 1845 minori
971 1792 996 1846 si
1014 1791 1104 1842 eadem
1118 1788 1171 1841 diei
1222 1782 1245 1834 si
1263 1793 1391 1854 quatenus
1409 1785 1476 1840 tttot
1495 1789 1588 1855 ajuro
1604 1788 1675 1842 eisili
1694 1785 1883 1856 relbmrmum.
1893 1789 2044 1860 Namnasa·

357 1889 485 1950 pomum
502 1876 616 1942 ,imum
633 1893 712 1946 qum
736 1894 789 1946 qu.
815 1880 960 1930 „tunm
983 1875 1093 1926 Dim
1110 1889 1172 1926 oon.
1221 1868 1292 1918 enirn
1312 1869 1493 1935 imminutum,
1514 1889 1562 1925 nee
1578 1889 1638 1926 oum
1657 1873 1741 1927 soluit
1757 1870 1923 1927 utsolemnis
1935 1889 2046 1928 eonsen-

356 1965 463 2032 lingnnt
479 1963 512 2012 in.
529 1961 697 2031 ademptione
722 1969 783 2031 post
810 1959 960 2011 testamenti
978 1955 1173 2010 nunclusionens
1223 1969 1326 2018 sus,r.
1343 1972 1369 2024 g.
1387 1958 1576 2026 stipulationis,
1594 1961 1776 2015 tantummodo
1794 1963 1876 2032 pariat
1895 1966 2044 2018 actionem·
2119 1981 2124 1993 ·

356 2057 473 2120 peraeta.
491 2047 582 2116 ltaque
601 2045 730 2097 solemnis
747 2043 864 2095 solanus
882 2041 972 2092 minas
989 2036 1101 2092 solemni
1121 2054 1174 2090 unu
1222 2035 1288 2091 Nam
1308 2057 1367 2094 urm¹
1380 2039 1501 2095 inhibuit
1514 2047 1556 2112 jos
1575 2054 1681 2099 naturae
1698 2046 1773 2099 illurn
1793 2045 1874 2100 irrito
1891 2050 1988 2118 pouire
2001 2065 2047 2102 ue·

357 2131 596 2184 cellerariorum
616 2130 731 2182 multum
751 2127 777 2180 ei
797 2125 865 2196 qrsod
891 2123 1012 2191 alietum,
1034 2123 1093 2190 ipsu
1117 2122 1176 2187 iure
1223 2119 1305 2188 gotio,
1322 2125 1366 2194 qui
1386 2143 1440 2178 uon
1458 2128 1601 2181 aeeootoo
1622 2129 1760 2202 principis
1785 2134 1887 2200 jussum
1905 2133 1972 2187 iilorl
1993 2144 2046 2186 tra-

358 2213 463 2268 rlirersa
481 2215 564 2283 legata
582 2213 622 2265 sie
640 2210 845 2276 adimi,obstat
863 2208 883 2263 l.
902 2211 927 2260 1.
942 2211 967 2264 i.
986 2209 1011 2259 3.
1021 2205 1063 2278 ff..
1080 2203 1115 2260 de
1131 2207 1175 2260 tta
1224 2214 1344 2259 ctarerat.
1361 2208 1402 2261 Ne
1419 2208 1527 2279 quidem
1552 2211 1598 2264 ubi
1622 2229 1661 2266 ex
1688 2224 1821 2270 contractu
1853 2216 1955 2270 (lamini
1987 2233 2049 2270 enm

355 2317 426 2368 m,
446 2297 475 2350 1¹„
501 2306 654 2352 regemne,
676 2295 801 2350 &knew
823 2304 872 2350 ω
894 2291 985 2348 induc.
1012 2294 1177 2364 Psngnptm
1224 2305 1299 2341 serso
1316 2293 1459 2346 naturalem
1478 2295 1603 2365 permisit
1626 2297 1840 2367 obligationem.
1872 2299 1948 2354 Licet
1973 2303 2049 2354 enim

358 2379 534 2450 pmeeederats'
547 2381 624 2432 ictus
642 2389 780 2443 statuerat,
793 2389 856 2431 aute
873 2377 1125 2432 consummationem
1139 2389 1176 2432 te·
1226 2373 1369 2444 imperator
1388 2391 1408 2444 ς.
1427 2379 1451 2431 2
1471 2381 1491 2430 ι“·.
1510 2379 1620 2453 dejure
1632 2399 1743 2452 person.
1761 2383 1844 2449 dieat,
1859 2393 1949 2437 eontra
1969 2396 2048 2437 natta-

358 2463 485 2517 stameuti
504 2463 656 2534 aslesuptnm
674 2465 796 2534 legatum.
809 2479 863 2516 nou
885 2461 985 2516 deberi.
1009 2463 1086 2528 Post,
1106 2465 1175 2526 ς..3.
1225 2474 1282 2510 ram
1299 2477 1357 2513 esse
1374 2461 1545 2529 servitutem
1563 2481 1617 2516 uon
1637 2475 1724 2519 tamen
1745 2466 1882 2522 intellexit
1899 2469 1947 2537 jus
1973 2478 2051 2522 natu·

362 2547 514 2618 subjungit,
534 2548 690 2618 exceptione
706 2566 774 2618 opus
800 2565 874 2612 esse,
892 2549 914 2601 si
933 2550 1049 2602 consulto
1067 2557 1176 2602 testator
1228 2555 1287 2606 sss,
1304 2541 1349 2596 seri
1367 2555 1468 2598 statum
1486 2557 1612 2600 naturae.
1629 2545 1718 2618 bingis⁴
1742 2548 1825 2618 igitur
1850 2551 2049 2622 respicientium

359 2629 490 2684 meruerit
510 2631 624 2699 legatum
647 2630 722 2700 prins
746 2633 848 2684 ilatum.
870 2633 976 2684 Tractat
998 2633 1176 2688 antimouiam
1226 2635 1298 2696 pttlu,
1316 2645 1348 2680 au
1366 2630 1420 2699 juri
1437 2641 1549 2684 naturae
1562 2644 1704 2702 congruat,
1723 2645 1748 2686 ut
1774 2637 1902 2688 naturalis
1919 2635 2051 2706 obligatio

357 2701 432 2769 illam
452 2715 605 2780 Bertulase
625 2715 671 2768 setl
690 2719 789 2785 optime
812 2714 972 2787 responderi
993 2726 1076 2786 puto,
1092 2717 1115 2768 si
1134 2716 1177 2768 di·
1225 2711 1256 2760 t'n
1272 2713 1357 2778 specie
1375 2713 1434 2766 talis
1451 2711 1530 2782 (nam
1549 2727 1574 2769 et
1596 2715 1687 2769 uirilis
1712 2719 1858 2788 appellator
1884 2721 2012 2773 naturalis
2031 2720 2050 2774 l.

356 2807 446 2864 cutm¹
467 2799 612 2868 Ulpianum
632 2814 709 2866 agere
728 2799 761 2850 tle
780 2816 855 2864 casu,
870 2797 914 2850 ubi
932 2810 992 2870 post
1008 2817 1175 2855 eonsumma-
1230 2795 1272 2846 10.
1291 2796 1325 2848 de
1341 2815 1367 2850 o.
1385 2807 1412 2851 et
1428 2819 1455 2853 n.
1466 2798 1518 2850 ati.
1533 2799 1575 2850 lb.
1593 2805 1613 2858 ς.
1633 2799 1658 2853 i.
1670 2798 1705 2866 ff.
1723 2801 1756 2854 de
1764 2800 1905 2874 fidejnss.)
1916 2801 2051 2856 conlusio-

362 2881 462 2934 tiouem
484 2883 629 2937 testamenti
651 2891 760 2936 testator
778 2883 918 2940 mutarerit
935 2883 1106 2936 voluntatem.
1119 2886 1177 2937 Pn-
1230 2881 1396 2936 retollatur.
1416 2881 1483 2934 tte
1502 2882 1642 2950 aneeisrm
1661 2885 1699 2936 nd
1718 2881 1846 2954 Asn'enn.
1871 2895 1911 2938 tr.
1927 2887 1954 2938 b.
1973 2888 2049 2958 udi.

356 2965 495 3034 rngrnplao
519 2963 593 3017 enim
619 2964 785 3034 praecedenti
809 2977 901 3036 aparte
924 2963 1060 3034 professus
1078 2966 1179 3032 iuerat,
1216 2955 1316 3028 siout
1332 2985 1350 3018 n
1359 2964 1457 3034 finire
1471 2984 1501 3033 p.
1520 2964 1582 3016 bbi.
1599 2966 1632 3016 B.
1664 2969 1738 3038 Quae
1762 2969 1809 3022 lee
1827 2973 1983 3026 seutentiam
2003 2989 2054 3026 no·
2083 3019 2090 3032 ,

358 3064 412 3100 uun
434 3047 526 3101 deberi
545 3047 660 3117 legatum
679 3060 736 3102 ante
760 3049 1010 3104 eonsummationem
1030 3049 1180 3104 testamenti
1229 3058 1309 3100 stram
1329 3050 1431 3102 ratione
1449 3065 1494 3100 sua
1513 3060 1605 3118 aperte
1619 3051 1722 3104 ridetur
1734 3049 1965 3108 confirmare-bit
1978 3075 2055 3109 nam·

360 3129 527 3201 ademptum,
547 3128 626 3200 idque
644 3147 699 3184 nou
716 3148 773 3184 esse
791 3131 1004 3202 intelligentium.
1021 3133 1055 3185 rio
1072 3133 1176 3188 indebi·
1229 3149 1289 3202 que,
1308 3131 1418 3186 fratrem
1438 3143 1524 3187 totum
1543 3135 1827 3190 sulreutemnebitum
1841 3137 1994 3209 iratri,quo
2006 3159 2056 3194 ns·

363 3225 408 3280 to,
425 3214 496 3285 quoti
518 3215 570 3268 tale
588 3216 617 3268 in
636 3215 728 3268 efferto
751 3212 853 3282 lit„ob
876 3220 1026 3288 oppositam
1051 3218 1181 3292 exeeptin-
1232 3215 1309 3269 turali
1334 3217 1495 3286 obligatione
1518 3213 1653 3270 motiaeta
1679 3221 1763 3288 petris
1787 3220 1900 3275 tunore
1925 3234 2057 3292 potestate

363 3317 440 3363 uem,
460 3297 485 3352 al.
506 3299 525 3349 l.
552 3299 597 3351 tt.
621 3299 770 3364 onoriucit,
787 3315 854 3369 quae
879 3299 939 3370 ipso
960 3303 1020 3370 jure
1041 3301 1109 3354 illud
1127 3319 1182 3356 nou
1231 3307 1314 3368 (mm
1334 3303 1371 3355 ita
1389 3303 1467 3372 juris,
1485 3312 1515 3357 ut
1532 3301 1637 3373 quoties
1650 3303 1692 3356 les
1711 3303 1777 3357 alias
1796 3305 1920 3376 producit
1940 3307 2056 3361 eatitsos

365 3379 458 3432 deberi
477 3381 531 3445 ait,
549 3380 609 3451 quia
632 3382 690 3452 ipse
708 3386 768 3451 jure
784 3382 1047 3456 ademptnmlgitur
1063 3386 1088 3440 si
1107 3401 1182 3456 para·
1229 3386 1421 3456 obligationem
1441 3395 1553 3456 meoque
1577 3384 1791 3441 contrabentium
1815 3388 1988 3457 obligationis
2010 3408 2056 3442 ea·

329 3490 340 3506 .
362 3466 463 3538 grapho
482 3467 653 3538 subsequenti
671 3469 754 3521 alium
773 3469 894 3525 exhibuit
910 3471 1048 3536 effoetum,
1065 3471 1183 3540 ejusdem
1231 3489 1311 3542 pase,
1323 3473 1402 3527 toties
1420 3474 1563 3528 uatumiern
1583 3471 1715 3542 permittit
1733 3488 1786 3524 unu
1804 3475 1960 3525 eorumdem
1980 3473 2058 3528 ines·

362 3549 414 3604 ulia
433 3550 622 3622 praesumentis
641 3553 694 3605 erit
712 3570 804 3617 musa,
818 3571 913 3626 nempe
927 3565 1109 3612 testamentum
1129 3559 1188 3626 jam-
1234 3573 1296 3626 paee
1312 3557 1448 3609 existente
1466 3557 1523 3610 or'd.
1543 3555 1562 3608 l.
1578 3555 1623 3606 bi.
1640 3555 1673 3607 eie
1691 3554 1782 3606 indeb·
1793 3556 1894 3626 >patri
1906 3557 2058 3624 obstrimus,

363 3647 584 3689 consummatum.
602 3635 680 3688 tithit
697 3637 786 3691 obstet
802 3636 843 3707 (2)
866 3638 885 3690 t.
905 3641 931 3692 3.
938 3636 980 3708 ff
997 3641 1059 3694 eod.
1077 3641 1123 3694 ubi
1142 3639 1182 3693 tli-
1236 3657 1283 3710 pro
1302 3641 1346 3692 illa
1364 3649 1437 3712 parte
1453 3656 1504 3709 qua
1522 3648 1563 3690 est
1580 3639 1687 3700 haeres,
1707 3637 1793 3706 ipsum
1819 3641 1957 3709 pensniam
1982 3659 2063 3711 posse

362 3717 451 3784 citor,
470 3720 495 3772 si
517 3731 622 3774 testator
645 3722 755 3775 uomina
781 3722 929 3776 haeredum.
946 3734 974 3777 et
998 3725 1189 3793 legatariorum
1237 3723 1390 3776 erudirere.
1407 3723 1483 3793 Quoi
1502 3737 1556 3775 saort
1573 3722 1621 3774 alii
1640 3721 1826 3791 imputantium
1846 3723 1954 3777 ridetur
1976 3727 2059 3779 ratio·

369 3801 522 3868 intinxerit,
546 3802 673 3872 quostiam
700 3814 815 3858 statuere
838 3807 896 3876 ipso
917 3809 976 3875 jure
999 3817 1186 3862 testamentum
1236 3808 1278 3870 ni,
1295 3825 1380 3878 quam
1390 3804 1634 3876 quod-cnuiusione
1658 3806 1776 3858 extincta
1800 3803 1882 3858 luerit
1906 3807 2064 3876 obligatio.

365 3885 475 3956 perimi.
494 3891 594 3941 Verum
616 3898 659 3940 aut
682 3887 772 3956 agitur
798 3889 832 3941 de
848 3889 1004 3944 intuertooe
1027 3889 1105 3957 beta,
1124 3904 1187 3946 ante
1237 3890 1277 3942 Ex
1295 3891 1409 3942 ssaturali
1428 3891 1503 3940 euim
1520 3888 1690 3959 obligatione
1707 3889 1834 3942 solutioni
1861 3893 1987 3960 repetitio
2007 3911 2062 3946 non

365 3971 528 4040 eompletum
549 3980 752 4035 testamentum,
768 3982 813 4025 sut
829 3985 890 4042 post
906 3973 982 4026 iliud.
1002 3975 1032 4029 si
1050 3974 1084 4026 te
1101 3977 1188 4045 priori
1238 3973 1334 4026 duur.
1352 3973 1462 4041 Oportet
1478 3972 1561 4040 igitur
1579 3981 1609 4022 ut
1625 3971 1665 4023 sit
1683 3971 1800 4036 sublata,
1817 3981 1843 4024 et
1855 3975 1978 4040 qmeiam
1991 3975 2065 4028 nibil

371 4067 447 4119 essu,
465 4055 510 4125 qui
528 4055 556 4107 d.
575 4053 593 4104 Ι.
614 4055 640 4106 3.
658 4053 810 4109 referuntur
829 4057 1047 4120 statuere,nilail
1064 4057 1188 4126 ubstant;
1237 4056 1310 4110 aliurl
1329 4063 1430 4124 gestum
1449 4071 1528 4124 qasam
1545 4054 1618 4106 aslita
1645 4053 1809 4119 baereditas,
1834 4055 1961 4108 interitus
1986 4071 2062 4111 natu·

367 4138 392 4192 si
411 4136 445 4192 tle
462 4135 624 4208 posteriori,
642 4135 800 4202 uiuentium,
821 4138 893 4208 quoti
910 4138 935 4190 ri
953 4138 970 4191 t.
986 4141 1012 4190 b.
1029 4150 1131 4194 tantum
1149 4159 1190 4196 re·
1238 4144 1301 4196 ralis
1318 4139 1725 4212 obligationiepreesamendns
1743 4138 1791 4209 (si
1809 4142 1926 4192 rationes
1939 4144 2063 4213 superius

370 4219 471 4276 ieratur
488 4220 640 4274 mnenllrn
657 4223 697 4274 sie
715 4222 855 4288 statuisse,
873 4221 981 4274 illorum
999 4239 1062 4276 sem
1078 4223 1187 4293 opinio·
1242 4225 1351 4280 traslitae
1369 4243 1421 4278 nun
1442 4223 1552 4277 luissent
1566 4225 1579 4297 )
1595 4225 1716 4278 creuisse
1733 4239 1766 4277 ex
1791 4222 1960 4291 confusione,
1985 4246 2065 4298 φιιιιι

368 4321 430 4359 nem
450 4304 477 4356 d.
495 4304 512 4354 l.
532 4303 633 4356 nullibi
652 4303 767 4375 probari.
1243 4315 1272 4366 iu
1289 4309 1411 4364 uirilibus
1428 4325 1531 4378 qstuqtse
1546 4307 1751 4378 obligationibus
1781 4307 1868 4360 aslitio
1892 4308 2068 4366 baereditatis

403 4393 426 4450 §-
444 4387 530 4440 xvtt.
549 4389 705 4458 Quaeritur,
724 4405 758 4442 au
773 4387 905 4460 obligatus
930 4390 1092 4446 nmnrniiter
1117 4401 1189 4448 tutus
1240 4406 1374 4450 eausuur.
1391 4396 1492 4445 Verum
1509 4391 1579 4463 qood
1599 4393 1627 4445 in
1645 4394 1672 4446 al.
1690 4392 1710 4442 l.
1737 4390 1781 4442 bb.
1800 4390 1924 4456 utetur,
1949 4411 1980 4448 eo
2005 4395 2067 4467 ipso

369 4470 407 4526 sit
424 4471 483 4542 ipso
500 4475 572 4539 jure,
590 4489 624 4523 ass
644 4488 690 4542 per
708 4469 910 4543 exceptionem?
922 4471 1003 4526 Liber
1019 4475 1085 4546 quii
1105 4495 1130 4529 m
1150 4488 1191 4530 est
1242 4479 1389 4535 naturalem
1407 4477 1596 4546 obligationem
1615 4476 1756 4540 sublatam,
1775 4473 1836 4543 qnia
1849 4477 1979 4545 peeoliun
1995 4498 2068 4532 nom·

370 4556 403 4607 ab
421 4555 572 4618 exactione,
591 4555 732 4609 retentioni
752 4567 842 4610 tamen
861 4569 885 4612 et
902 4561 1113 4629 compensationi
1131 4563 1192 4615 sub·
1244 4565 1416 4626 insanientum,
1435 4579 1488 4614 nou
1506 4561 1616 4630 probat,
1643 4559 1763 4611 aditione
1794 4559 1871 4612 istius
1897 4561 2067 4631 obligationis

370 4643 454 4707 iectus
471 4649 527 4702 ast,
546 4639 659 4709 aliisque
675 4639 813 4694 effectibus
830 4642 980 4696 orientibus
994 4660 1025 4696 ex
1037 4647 1193 4700 aceessioue·
1245 4649 1429 4702 confusionem
1447 4645 1581 4708 extitisse,
1601 4641 1646 4696 setl
1668 4643 1840 4696 sublationem
1859 4644 1972 4714 imputat
1983 4665 2065 4717 preu-

371 4727 472 4780 Verum
490 4725 614 4796 quonism
633 4727 700 4778 satis
719 4737 842 4792 certum,
870 4733 1053 4797 juraromana
1070 4749 1103 4784 ex
1123 4745 1194 4788 natu·
1245 4733 1283 4786 liu
1298 4728 1504 4785 communicato·

373 4811 424 4864 rali
436 4810 599 4880 obligatione
614 4811 747 4864 actionem
767 4813 848 4864 talem
862 4829 913 4864 nou
937 4814 1077 4882 praebere,
1091 4833 1142 4883 qraa
1153 4819 1194 4883 ju·
1282 4823 1304 4879 ς.
1323 4813 1394 4868 ΗΧ.
1413 4812 1468 4864 iste
1485 4807 1551 4862 mibi
1570 4805 1729 4876 speoulanrio
1748 4809 1870 4878 exempla
1888 4810 2069 4880 oppositionis

374 4893 427 4948 ilex
444 4893 521 4948 adiri,
534 4901 639 4964 polest,
659 4905 685 4948 et
702 4895 824 4964 exeeptio
842 4909 1034 4968 praesupponat
1052 4898 1195 4966 actionem,
1246 4899 1318 4954 laeti-
1329 4898 1413 4970 ipsius
1429 4893 1496 4964 juris
1514 4903 1542 4944 et
1558 4889 1659 4944 subiiti
1678 4890 1793 4958 ejusdem
1812 4893 1948 4960 ju=lieialis
1968 4904 2020 4949 ιιιιι
2035 4915 2070 4951 ex

374 4997 455 5052 quam
473 4977 592 5030 elirlenrli
611 4988 761 5048 comparata
778 4986 820 5030 est
838 4978 859 5030 l.
874 4980 900 5032 2.
918 4990 945 5032 et
962 4999 1019 5050 arg.
1037 4981 1057 5032 1.
1075 4980 1197 5052 &speie
1247 4985 1276 5036 il.
1293 4998 1371 5058 quam
1389 4998 1428 5032 ex
1441 4976 1586 5032 earundem
1612 4976 1813 5028 eommentsriis
1837 4978 1951 5047 contigit
1978 4997 2073 5036 nono-

377 5073 479 5132 esceept.
497 5062 560 5134 lpse
577 5061 634 5130 jure
657 5061 785 5114 dicendus
809 5063 862 5114 erit
887 5080 1007 5118 senarus.
1034 5065 1100 5119 Cum
1124 5069 1196 5122 enim
1249 5083 1302 5119 rus.
1320 5063 1429 5134 copiam
1449 5061 1517 5114 lorte
1533 5057 1685 5130 praebitura
1703 5061 1828 5126 majorem
1847 5072 1958 5132 utraque
1974 5080 2070 5134 seges,

377 5148 510 5221 duplicem
531 5155 632 5198 tautum
650 5144 792 5198 babeamus
809 5145 994 5210 securitatem,
1013 5151 1132 5218 sequitur
1149 5153 1196 5204 uui
1249 5148 1295 5204 sesi
1313 5147 1410 5201 rationi
1430 5144 1596 5215 pronominis
1620 5141 1789 5212 exponendae
1814 5143 1989 5218 (principale
2005 5167 2073 5218 pto·

376 5233 462 5286 innam
481 5247 631 5293 esse,.eum
651 5229 728 5283 altari
746 5244 799 5280 uon
812 5229 899 5281 locum
914 5245 970 5282 esse
981 5229 1197 5288 demonstratum.
1251 5232 1337 5304 posito
1354 5229 1487 5300 praesenti
1504 5225 1596 5297 opos)
1616 5225 1660 5277 illa
1678 5241 1744 5295 qnae
1762 5223 1886 5280 baetems
1899 5227 1980 5295 clieta,
1993 5227 2074 5285 soffi-

381 5317 434 5370 eet
453 5317 504 5368 ista
523 5317 646 5368 securitas
666 5330 718 5365 uon
737 5313 868 5366 uniuersis
892 5312 987 5381 gautlet
1010 5313 1144 5368 clientibus
1161 5332 1202 5370 se·
1250 5315 1351 5370 uieutia
1369 5312 1426 5368 tore
1443 5308 1558 5364 moto.
1577 5307 1628 5363 Set
1658 5309 1777 5360 nimum
1801 5311 1990 5379 pmgrealinorii
2016 5333 2076 5368 m.

380 5397 503 5452 omaus
521 5395 611 5467 ipsius
621 5395 690 5466 juris
709 5397 748 5448 nti
765 5399 874 5468 exjure
893 5397 1018 5449 naturalis
1028 5399 1199 5468 obligationis
1252 5408 1344 5455 rantur
1360 5398 1413 5451 cluo
1431 5395 1554 5450 materiae
1571 5389 1759 5458 reliuqueotlsr
1777 5392 1883 5445 residua
1899 5393 2006 5446 debita.
2026 5399 2078 5450 διι-

383 5485 424 5538 'est
443 5497 553 5536 uotum.
1253 5482 1341 5554 pedm
1357 5477 1525 5534 differentiae
1542 5473 1624 5543 gratia
1643 5482 1798 5538 tractatum
1817 5474 1876 5542 ipro
1892 5477 1961 5548 jare
1988 5488 2074 5532 tntum

419 5565 445 5638 5.
462 5567 561 5620 liVlll.
581 5567 621 5617 bn
639 5563 816 5629 conluuione,
833 5581 900 5632 quse
915 5561 1201 5624 orituraalitioaebae-
1252 5585 1305 5620 nou
1322 5581 1388 5636 opus
1405 5565 1501 5617 babere
1518 5561 1604 5629 aliqua
1623 5557 1789 5629 meptioee,
1807 5561 1890 5613 nrrslto
1910 5564 1998 5616 minos
2015 5565 2077 5630 eins

385 5652 523 5718 renlitatis,
542 5647 680 5704 nntnmls's
696 5648 864 5721 extinguetur
875 5649 1009 5720 obligatio,
1024 5653 1201 5720 pertinentior
1250 5649 1486 5715 contestatiouepe
1511 5645 1616 5700 ‹lirersu
1642 5660 1709 5696 usus
1739 5653 1881 5714 utromque
1913 5647 2074 5704 inerranbere
