4414 6220
209 259 266 316 xm

623 246 673 300 DE
690 245 934 302 NECESSITATE
951 242 1082 304 OFFlCll
1102 244 1207 302 ctttct
1228 247 1388 304 DELlCTl.

150 360 252 416 satione
270 356 300 410 in
318 351 377 409 forn
393 347 583 414 conscientirc,
603 344 675 400 nihil
692 345 737 398 hic
754 343 876 416 proderit
887 341 971 398 cilicii
1028 349 1116 416 iprum
1134 355 1222 400 tamma
1242 363 1295 399 nco
1315 345 1399 400 teneri
1410 343 1513 400 actione
1529 342 1702 413 injuriaretur
1716 345 1756 397 uti
1769 345 1843 399 enim

153 443 313 507 amonitae,
330 454 397 510 qnae
416 436 491 488 nullo
509 433 567 500 iure
585 430 715 494 humanu,
726 427 863 496 utlegilras
876 429 976 484 divinis
1028 429 1159 500 privatus,
1177 429 1224 500 qui
1240 433 1298 499 jare
1315 447 1361 483 suo
1380 429 1481 493 utitur,
1500 427 1601 480 nemini
1622 428 1688 480 lacit
1706 426 1845 498 injuriam,

153 527 350 584 contrarietur,
368 517 516 585 constringi
534 523 636 585 potesis
656 513 679 565 si
698 529 758 566 reru
775 511 809 567 de
827 513 886 567 loru
904 525 976 568 exte-
1028 514 1065 566 ita
1082 531 1184 585 qaoque
1200 529 1249 567 nec
1263 513 1449 584 magistratus,
1461 511 1507 582 qui
1521 512 1664 565 secundum
1680 511 1844 580 publicarum

155 617 240 680 gion,
261 610 446 682 impunitatem
466 603 518 676 ipsi
538 611 668 672 praestare
690 599 768 654 credo
797 599 866 654 lianc
889 597 975 655 otiiett
1028 598 1114 669 legam
1132 599 1325 668 praescriptum
1344 598 1408 666 agit.
1426 595 1462 647 Et
1479 593 1530 647 ltoc
1549 603 1723 666 rerumputu,
1738 598 1848 650 etiamsi

152 693 353 750 necessitatem:
370 688 432 758 quis
449 686 521 738 enim
541 683 574 734 de
592 681 641 736 hoc
659 694 774 738 sumeret
797 683 977 754 supplicium?

158 777 219 834 Nun
238 773 410 844 magistratus
427 766 557 832 inferior,
574 765 636 835 quia
655 763 732 834 liujus
751 783 804 818 non
821 775 864 818 est
888 767 976 836 inqui·

157 881 214 920 rere
232 863 263 915 in
280 853 444 926 injustitiam
464 848 648 904 mandatorum
667 847 813 918 principis,
832 867 885 902 nou
904 850 977 920 prin-

161 961 225 1016 arpa
244 944 317 1013 ipsc,
336 939 399 1009 qnia
416 935 460 988 lric
477 950 554 988 suum
573 930 671 986 lactum
692 948 746 992 uon
764 933 941 1001 impugnare,
956 945 980 989 et

156 1030 218 1082 hinc
239 1022 382 1080 secuudum
401 1016 524 1073 mandata
547 1033 592 1068 sua
616 1025 739 1084 agentem
764 1013 859 1084 punire
882 1017 979 1086 nequit.

109 1105 140 1156 ¹⁶
157 1109 264 1166 Carebit
281 1117 370 1161 tamen
394 1104 456 1168 ille,
468 1102 509 1154 coi
523 1099 647 1170 taleqnid
660 1118 676 1151 a
690 1099 809 1172 principe
822 1099 981 1166 iniunctum,

155 1213 192 1249 ne
208 1201 349 1264 promptos
365 1188 399 1244 sit
411 1189 438 1240 io
452 1184 625 1256 expediendis
638 1183 768 1252 ejusmodi
780 1184 911 1238 mendatis
925 1203 979 1239 ma-

158 1280 255 1336 nticato
272 1274 397 1345 injustis,
415 1272 461 1326 aed
479 1269 521 1323 rel
538 1267 678 1324 secundam
693 1270 835 1337 jrrssioncm
848 1281 978 1338 expectet,

158 1367 198 1422 rel
215 1364 249 1419 ad
266 1363 311 1416 30.
331 1361 388 1412 dies
407 1356 589 1410 executionem
614 1353 772 1423 suspendat,
797 1354 867 1420 iuxta
894 1354 981 1406 moni-

164 1461 219 1504 tum
236 1447 430 1518 inperator-on
449 1442 478 1492 r'n
496 1439 515 1492 Ι.
534 1439 582 1492 20.
599 1455 621 1490 c.
635 1437 668 1490 rie
685 1454 768 1502 puers.

116 1529 147 1581 17
195 1530 332 1586 Caeterum
350 1543 410 1580 curu
427 1523 537 1595 palliare
555 1527 661 1590 scepins
679 1521 806 1574 uiolentas
824 1537 884 1574 suns
900 1521 981 1575 actio·

162 1629 207 1667 nes
224 1615 325 1666 soleant
344 1609 401 1673 ilii,
427 1607 525 1678 quibus
550 1600 670 1656 officium
700 1603 809 1672 aliquod
826 1622 841 1656 a
860 1603 983 1674 principe

164 1695 306 1764 injunctum
315 1729 326 1759 ,
345 1703 374 1746 ut
388 1691 495 1752 dicant,
513 1705 541 1742 ae
560 1688 610 1740 noc
628 1702 663 1740 ex
681 1687 790 1753 speciali
809 1688 932 1740 mamiato
943 1703 983 1740 se-

166 1777 295 1832 renissimi
311 1777 396 1845 egisse
403 1810 415 1840 ,
433 1773 523 1837 etita,
537 1770 599 1824 dom
613 1769 783 1840 praetendunt
798 1789 895 1826 ituraea
909 1771 984 1841 prin·

119 1849 151 1896 ¹⁸
168 1863 248 1932 cipis,
264 1860 380 1930 grauiter
398 1858 503 1930 saepius
520 1856 630 1910 laciiuut
647 1855 774 1908 insontes.
794 1857 867 1908 iiiuc
880 1858 985 1924 quaeri·

171 1955 226 2010 tur,
239 1961 273 1998 an
291 1942 434 2010 asserenti,
454 1958 482 1994 se
500 1940 552 1994 hoc
569 1936 665 1995 iecisse
681 1937 806 1993 mandata
835 1939 984 2009 principis,

173 2029 208 2082 sit
223 2025 397 2082 cedendum?
416 2023 452 2078 Et
462 2023 605 2077 dicendum
618 2031 696 2091 puto,
709 2038 768 2074 cunr
783 2021 940 2089 generaliter
953 2023 983 2076 in

168 2116 222 2183 jura
235 2115 382 2185 provisam,
407 2112 481 2182 quod
517 2107 640 2177 alleganti
669 2107 822 2164 mandatum
849 2105 984 2177 principia

168 2198 251 2252 nonsit
267 2196 445 2259 eredendum,
463 2193 517 2246 nisi
536 2192 586 2246 lroc
598 2191 770 2262 produxerit,
784 2209 831 2260 per
843 2191 859 2244 1.
876 2195 901 2244 1.
914 2209 936 2245 e·
950 2193 985 2246 da

167 2280 254 2336 nand.
267 2281 359 2352 princ.
378 2278 423 2331 liic
437 2295 542 2348 quoqne
560 2277 594 2329 dc
613 2273 682 2329 lacto
705 2275 840 2342 eiusmodi
865 2276 985 2344 quaestio

165 2363 215 2428 sit,
230 2363 300 2434 quod
317 2361 371 2430 juri
396 2359 593 2424 contrarietur,
618 2361 695 2428 quele
718 2359 784 2428 quid
806 2359 839 2412 de
863 2361 984 2431 principe

165 2465 216 2501 non
235 2445 471 2518 praesumendum,
487 2447 534 2514 qni
552 2442 643 2500 omnia
661 2460 707 2501 sua
732 2445 825 2512 scripta
850 2444 905 2510 iuri
929 2447 984 2498 ralt

163 2545 222 2584 csse
239 2527 388 2582 coniurrn'ta
408 2544 453 2596 per
469 2531 487 2580 t.
502 2529 564 2597 fin.
586 2548 610 2582 c.
633 2532 663 2582 ιι·
683 2539 770 2586 contr.
794 2529 836 2584 ias
859 2531 901 2582 oei
926 2529 985 2582 atri.

160 2614 232 2680 publ.
253 2612 365 2682 ideoque
381 2609 404 2662 si
423 2610 547 2665 illicitum
565 2611 631 2678 quid
649 2613 773 2672 mundet,
790 2603 983 2662 nemuuliicia·

165 2697 232 2752 lium
251 2691 429 2757 excusabitur,
449 2694 530 2746 ctiam
544 2692 572 2747 in
590 2690 647 2745 loro
664 2691 808 2756 exteriori,
831 2691 885 2744 nisi
905 2704 985 2744 'mana

167 2781 259 2834 datum
277 2777 439 2851 produxerit.
457 2778 581 2831 Menoeis.
597 2779 634 2832 de
649 2778 730 2832 artie.
744 2775 803 2845 iud.
821 2795 867 2846 qu.
883 2777 930 2831 tie.
960 2780 985 2830 1.

166 2884 211 2936 qa.
229 2863 273 2916 'tc-
291 2859 363 2918 ml·
388 2870 415 2916 et
430 2878 503 2932 seqq.
521 2859 642 2916 Fariuac.
664 2877 748 2930 prce.
761 2859 850 2913 crim
874 2879 918 2929 qa·
942 2862 986 2913 07.

168 2965 197 2999 ιι.
217 2944 259 2998 tii.

114 3011 148 3064 ¹⁹
207 3031 280 3086 itin
297 3031 326 3086 iu
345 3029 394 3084 hac
412 3029 524 3084 materia
535 3027 711 3098 vulgatissima
737 3027 990 3091 distinctionum,

163 3118 188 3172 si
207 3134 241 3174 ex
259 3117 417 3172 nmcssitate
435 3115 548 3184 parendi
566 3113 692 3167 delictum
707 3112 897 3174 commissum,
914 3120 991 3165 atrox

163 3203 214 3267 sit,
234 3217 269 3254 an
287 3215 349 3255 reru
367 3198 466 3252 lerius:
479 3197 501 3250 si
518 3198 583 3261 huc,
598 3193 777 3250 excussndurn
792 3202 885 3265 putant
898 3196 989 3262 iltuto,

162 3286 209 3355 qui
227 3300 261 3338 ex
280 3283 444 3338 necessitate
462 3277 549 3334 officii
567 3281 634 3350 quid
652 3279 724 3333 lauit.
742 3295 799 3348 arg.
817 3280 837 3332 d
849 3280 926 3334 liber·
942 3281 991 3333 lto·

163 3366 326 3438 modist.
345 3368 383 3422 cd
399 3367 420 3420 l.
437 3366 522 3437 aquil.
541 3366 560 3418 l.
581 3364 642 3417 107.
661 3362 685 3434 5
705 3365 730 3415 1.
750 3364 812 3417 etl.
834 3362 988 3433 169.ffida

171 3472 194 3508 r·
212 3453 231 3509 ι’.
248 3454 279 3508 in
298 3449 476 3507 atrocioribus
492 3466 556 3504 rero
577 3465 689 3520 poenam
716 3445 827 3528 ⁸quidem
857 3448 1001 3516 mitigari„

166 3535 212 3588 sed
231 3551 288 3592 nun
305 3537 414 3606 penitae
430 3534 548 3598 remitti,
569 3536 667 3589 daton.
693 3533 829 3586 Matthaei.
853 3531 888 3586 da
916 3537 995 3588 cram.

165 3621 203 3674 cd
219 3621 268 3674 lib.
288 3619 332 3673 ld.
346 3617 384 3688 ffi
403 3619 445 3675 tit.
464 3618 510 3670 ts.
528 3615 950 3686 n.l.ccp.1l.lirunnem.cd
967 3618 993 3670 d.

163 3707 181 3757 l.
198 3705 271 3758 liber
288 3703 382 3758 durno·
400 3721 426 3764 n,
447 3704 471 3758 ³.
491 3703 593 3756 Verum
613 3701 675 3756 haec
694 3700 831 3754 distinctio
857 3700 891 3756 ad
916 3703 992 3766 illus,

165 3793 211 3860 qui
231 3794 311 3859 jussa
328 3787 462 3860 principis
479 3786 655 3856 delinquont,
682 3784 793 3837 extendi
819 3785 932 3856 nequit,
955 3787 991 3842 ob

165 3878 300 3930 rationem
311 3871 547 3944 superiuadatam:
562 3868 706 3940 procedere
720 3886 779 3922 rero
793 3878 890 3938 posset,
902 3869 925 3922 si
939 3889 992 3924 ma·

161 3962 298 4029 gistratus
316 3957 431 4012 inlerior
451 3953 544 4009 illiciti
574 3952 640 4024 quid
674 3951 824 4006 laciendum
854 3954 989 4024 iniungat:

164 4045 233 4096 huuc
252 4042 331 4095 enim
350 4048 410 4095 utut
428 4039 597 4108 magistratus
615 4037 742 4091 mandans
761 4037 856 4108 punire
869 4049 991 4109 nequeat,

165 4129 293 4198 superior
311 4137 399 4180 nmen
416 4133 444 4178 ct
463 4125 647 4194 magistratum
667 4121 767 4190 injusta
791 4121 940 4189 iubentem,
965 4135 993 4178 ct

164 4215 267 4284 injusta
289 4219 465 4280 exequentem
484 4208 581 4278 punire
598 4215 703 4280 potest:
725 4207 908 4277 magistratum
935 4225 991 4278 gra·

163 4303 229 4362 rios,
247 4305 427 4369 exequentem
439 4294 533 4350 levius.

114 4373 144 4424 ²¹
198 4383 244 4438 lix.
259 4381 345 4442 dictis
362 4379 417 4447 iam
436 4379 568 4449 sequitur,
586 4375 611 4430 si
630 4375 798 4444 magistratus
815 4376 897 4431 ctiam
926 4375 992 4430 iolc-

166 4470 222 4522 rior
240 4463 311 4538 quid
329 4461 423 4528 iaciat,
444 4460 514 4531 quud
533 4461 628 4514 durum
645 4459 755 4530 quidem
775 4459 909 4524 rideatur,
936 4460 994 4529 ipse

163 4563 252 4604 tamen
271 4547 341 4616 juris
357 4545 455 4600 ordine
471 4551 575 4596 serrato
593 4544 763 4614 processerit,
780 4559 813 4596 ex
832 4540 918 4596 cilicii
945 4559 991 4596 ne·

165 4635 294 4688 cessitate
312 4639 403 4700 petere
416 4643 493 4700 posse
510 4628 721 4681 emunitionem:
742 4628 859 4695 pertinet
872 4627 923 4680 huc
940 4628 993 4680 ele·

164 4735 229 4786 gans
249 4723 340 4770 textus
353 4713 384 4768 in
400 4713 419 4766 l.
438 4713 481 4766 32.
490 4711 531 4781 ff
548 4711 582 4764 de
605 4710 688 4779 injur.
719 4711 800 4778 Quod
823 4711 991 4780 reipublicae

165 4799 343 4856 venerandae
360 4813 443 4854 eoam
457 4795 604 4850 secandam
620 4795 710 4848 donor
723 4794 869 4863 moreofit,
879 4795 992 4848 etiamsi

163 4887 201 4940 ad
210 4881 411 4940 contumelium
423 4881 480 4954 ejus
489 4880 616 4950 pertinet,
624 4881 687 4945 quair
697 4889 788 4931 tunten
802 4897 859 4932 non
872 4899 903 4933 eu
916 4897 991 4933 meru

165 4980 190 5022 te
210 4966 396 5038 magistratus
405 4962 500 5034 fucit,
518 4975 548 5018 ut
565 4961 698 5036 injurium
707 4961 817 5032 scmus,
829 4961 924 5016 sadud
933 4965 991 5018 otae

164 5052 266 5106 dictam
288 5047 437 5120 mojcsrarir
452 5045 578 5115 pullione
595 5046 735 5112 resprcairtr
748 5044 987 5121 octioacinjam’a·

166 5151 228 5188 rum
247 5149 308 5188 nors
322 5141 442 5197 ,tanetum
460 5131 492 5184 Iu
511 5148 562 5200 qua
580 5130 640 5198 lege
657 5140 775 5183 notanter
799 5131 912 5199 dicitur,
929 5147 989 5190 utut

166 5217 271 5272 iactum
289 5217 456 5288 meginratus
474 5214 509 5269 ad
526 5213 709 5270 contumeliam
727 5214 839 5282 alicujus
851 5219 987 5288 pertineat,

113 3661 144 3712 itt

1866 574 1902 626 10

1033 683 1159 755 princeps
1178 683 1306 751 injustum
1325 679 1391 752 qnid
1416 676 1580 733 mandaverit
1603 687 1695 732 contra
1723 685 1848 748 tertium,

1031 785 1090 820 nam
1110 785 1158 820 nec
1178 770 1216 820 siu
1233 765 1348 819 inferior
1367 763 1532 832 magistratus
1560 759 1665 816 actione
1693 763 1851 831 iujuriarum

1031 850 1129 920 pulsari
1149 859 1250 918 potest,
1268 848 1303 901 ob
1321 845 1442 901 eamdem
1460 845 1590 900 rationem
1608 847 1636 899 d.
1663 845 1682 897 l.
1707 848 1752 902 30.
1775 849 1847 920 quod

1032 937 1089 988 soit.
1107 951 1161 988 nou
1179 952 1208 986 ea
1227 942 1317 988 morte
1335 931 1442 996 lecerit,
1458 941 1487 986 ut
1503 929 1631 1001 injuriam
1649 931 1777 998 inferret,
1803 933 1849 986 sed

1031 1017 1064 1072 ad
1081 1020 1266 1072 executionem
1285 1018 1425 1074 uoluntatis
1443 1014 1590 1085 majestatis
1609 1017 1735 1088 publicae.
1762 1016 1851 1088 Longa
1867 1010 1902 1061 2³

1032 1100 1083 1154 alia
1100 1102 1166 1156 ratio
1183 1113 1235 1168 eat,
1254 1103 1278 1156 si
1298 1102 1467 1172 magistratus
1485 1101 1569 1172 legem
1587 1102 1778 1172 praescriptam
1799 1101 1853 1157 rio·

1032 1186 1078 1250 let,
1096 1186 1218 1240 ordinem
1237 1203 1374 1256 processus
1391 1187 1514 1256 negligat,
1544 1185 1579 1241 ab
1604 1188 1758 1241 executione
1784 1187 1853 1242 inci·

1033 1269 1104 1338 piat,
1122 1279 1150 1323 et
1169 1271 1205 1323 ita
1224 1270 1351 1338 iniuriam
1373 1270 1477 1336 inierat,
1497 1270 1535 1324 sic
1554 1269 1627 1324 enim
1645 1270 1752 1341 penitus
1763 1271 1853 1341 ipsunt

1033 1371 1088 1406 non
1105 1366 1209 1408 excusat
1221 1351 1306 1408 otiati
1326 1355 1549 1425 necessitas„pcr
1565 1357 1662 1408 claram
1675 1355 1692 1408 t.
1709 1373 1758 1410 nec
1776 1355 1858 1426 magi-

1033 1437 1169 1489 stratibus.
1189 1437 1231 1487 32.
1241 1435 1283 1506 ff
1303 1437 1336 1490 de
1353 1437 1435 1510 injur.
1453 1440 1529 1508 quale
1546 1440 1698 1509 exemplum
1716 1439 1793 1493 estin
1811 1443 1855 1510 ju-

1036 1519 1095 1574 dice
1112 1521 1211 1586 injuste
1230 1523 1346 1591 aliquem
1367 1532 1510 1592 torquente.
1530 1523 1656 1594 Carpaor·
1674 1523 1720 1576 lib.
1739 1523 1764 1574 1.
1788 1541 1857 1595 resp.

1035 1605 1080 1658 00.
1098 1623 1125 1655 n.
1147 1605 1172 1654 2.
1193 1606 1247 1658 Da.
1267 1605 1465 1660 Brunnemaun.
1488 1608 1527 1663 cd
1544 1607 1570 1660 d.
1587 1608 1607 1660 l.
1627 1605 1719 1679 82.)ss
1732 1610 1765 1664 de
1778 1607 1858 1681 injur.

1037 1689 1110 1742 rud.

1071 1775 1112 1828 lle
1129 1783 1250 1838 caetero,
1268 1774 1373 1844 quando
1392 1783 1564 1840 executores,
1583 1773 1672 1846 siquid
1697 1774 1791 1845 injusti
1820 1773 1859 1830 la·
1876 1784 1912 1838 11

1038 1859 1116 1924 ciant,
1134 1868 1291 1914 excusentur
1308 1857 1394 1911 ollioii
1415 1859 1571 1914 amenitate
1586 1869 1613 1912 et
1629 1860 1702 1929 jussu
1720 1859 1858 1927 magistra·

1037 1953 1087 2008 tus,
1106 1941 1140 1995 da
1157 1959 1187 1996 eu
1206 1943 1312 2014 prolixe
1329 1943 1384 2011 agit
1403 1943 1524 2008 Farinac,
1544 1942 1570 1997 d.
1588 1962 1631 2013 qu.
1664 1941 1710 1994 97.
1740 1951 1767 1996 ιι
1799 1943 1859 1996 teti.

1036 2043 1161 2098 quorsum
1180 2025 1315 2082 breritatis
1333 2043 1422 2080 amore
1441 2029 1568 2080 lectorem
1584 2026 1707 2090 remitto,
1721 2025 1861 2098 praecipue

1036 2125 1096 2162 eum
1115 2110 1212 2163 decisio
1229 2111 1262 2163 ab
1280 2110 1336 2164 illis
1353 2127 1419 2180 qnae
1437 2110 1489 2176 jam
1512 2122 1587 2164 antea
1611 2108 1738 2173 adducta,
1769 2125 1860 2181 reapse

1038 2211 1091 2250 oon
1111 2195 1252 2264 discrepet.

1073 2280 1155 2332 Porro
1173 2279 1201 2330 id
1219 2295 1322 2348 quoque
1338 2277 1550 2345 obsecrandam,
1567 2290 1626 2328 cum
1646 2275 1742 2330 notarii
1762 2289 1857 2329 annuus
1875 2285 1911 2338 25

1036 2361 1170 2434 publicum
1190 2363 1232 2426 sit,
1250 2373 1278 2414 et
1296 2363 1353 2433 ipse
1371 2359 1493 2414 oliioium
1513 2377 1588 2414 sunm
1609 2359 1712 2412 nemini
1729 2361 1861 2428 denegare

1037 2449 1135 2508 valeat,
1154 2463 1188 2498 an
1209 2445 1366 2514 imploratus
1383 2446 1416 2498 ab
1434 2446 1522 2516 aliquo
1527 2483 1538 2512 ,
1552 2457 1580 2500 ιιι
1590 2444 1668 2498 attari
1682 2443 1807 2513 scriptum
1822 2459 1863 2495 re·

1037 2527 1163 2580 torsionis
1182 2530 1315 2590 incinunt,
1334 2537 1362 2581 et
1375 2539 1462 2598 postea
1474 2529 1508 2582 ab
1522 2531 1684 2584 lrocartiona
1698 2527 1858 2596 injuriarum

1036 2610 1217 2671 conueniatur,
1237 2627 1265 2660 se
1282 2629 1409 2664 excusare
1426 2614 1532 2682 possit,
1550 2614 1585 2667 ob
1602 2611 1689 2668 officii
1716 2613 1859 2668 necessita·
1879 2645 1881 2649 ,

1039 2690 1111 2742 tem?
1129 2693 1197 2743 Sunt·
1215 2690 1238 2738 si
1259 2690 1282 2738 ia
1302 2688 1403 2756 pariter
1421 2697 1523 2748 acono
1540 2698 1705 2764 injuriarum
1733 2706 1862 2762 tenetur,

1037 2771 1083 2842 qui
1101 2774 1214 2838 iujurias
1232 2769 1327 2824 inferri
1349 2768 1493 2834 mandarit,
1509 2787 1589 2840 quam
1605 2781 1653 2841 qni
1668 2789 1792 2834 execatur
1811 2789 1861 2842 aar,

1040 2872 1086 2926 per
1102 2857 1122 2906 l.
1139 2872 1195 2909 nun
1212 2855 1310 2908 solnm.
1328 2855 1373 2904 11.
1383 2851 1426 2920 ff.
1446 2853 1478 2908 de
1497 2854 1582 2924 injur.
1602 2857 1678 2908 Unde
1690 2875 1738 2910 nec
1752 2863 1863 2916 advoca.

1042 2950 1096 2992 tum
1115 2936 1276 2992 inferentem
1294 2937 1430 3006 injurius,
1450 2939 1571 2993 mundato
1592 2939 1633 2992 sui
1655 2941 1812 3011 principalia
1831 2946 1864 2996 li·

1043 3023 1128 3078 berari
1144 3022 1178 3077 ab
1196 3023 1302 3076 actione
1319 3022 1487 3091 iujuriarum,
1508 3032 1579 3076 recte
1600 3022 1723 3078 defendit
1739 3023 1865 3096 Carpcur.

1042 3107 1087 3160 tit.
1106 3107 1130 3160 2
1148 3123 1215 3170 resp.
1234 3105 1277 3158 00
1297 3105 1445 3160 Gouritiari
1463 3107 1538 3160 enim
1556 3103 1648 3162 cilicio
1676 3107 1863 3164 aduocatorum
1883 3103 1919 3153 Ἃ

1044 3193 1145 3246 directo
1161 3194 1323 3246 contrarium
1342 3202 1391 3246 est.
1409 3195 1429 3246 l·
1447 3193 1578 3266 quicquic.
1597 3194 1623 3246 0.
1641 3211 1664 3246 ο.
1682 3194 1869 3264 depostulet

1047 3275 1200 3331 mundatum
1218 3287 1294 3347 turpe
1310 3293 1387 3330 neruo
1404 3277 1517 3332 debebat
1539 3279 1682 3351 suscipere.
1712 3279 1807 3335 lratitat
1833 3291 1869 3334 ta·

1046 3377 1108 3414 men
1124 3361 1266 3430 superioris
1284 3363 1449 3430 quaestionis
1468 3361 1569 3417 decisio
1581 3364 1610 3415 in
1623 3364 1669 3416 illa
1684 3363 1868 3436 praejudiciali

1047 3447 1216 3516 quaestione,
1234 3463 1268 3498 au
1286 3448 1396 3501 retorsio
1415 3447 1571 3516 injuricrum
1590 3449 1628 3501 sit
1646 3449 1794 3504 remedium
1811 3453 1871 3504 rim

1047 3528 1154 3582 dicandi
1171 3529 1282 3597 iujurias
1300 3530 1406 3584 licitum
1432 3534 1474 3586 rel
1500 3529 1649 3586 illicitum?
1680 3533 1732 3587 Ubi
1753 3534 1863 3604 quidem
1886 3525 1923 3575 ²⁷

1046 3614 1114 3684 qood
1134 3617 1174 3682 jas
1191 3616 1456 3684 romanumattirrer,
1476 3617 1604 3689 potiusin
1617 3619 1693 3672 iilam
1709 3619 1870 3674 inclinamus

1046 3696 1221 3767 opinionem
1239 3697 1340 3769 legibus
1357 3701 1533 3755 retorsiouem
1551 3701 1712 3770 iniuriarum
1734 3719 1788 3757 uun
1808 3719 1869 3756 esse

1045 3778 1224 3847 cualormemc
1241 3792 1268 3836 et
1285 3781 1411 3836 solemnis
1430 3784 1478 3838 illc
1495 3795 1580 3840 textos
1600 3786 1630 3838 in
1648 3786 1666 3837 l.
1687 3787 1729 3840 tt.
1751 3785 1776 3861 5.
1789 3787 1815 3842 d.
1828 3783 1869 3854 ff.

1045 3863 1078 3916 de
1095 3863 1159 3916 dun.
1177 3864 1223 3916 tit.
1244 3865 1341 3936 inqua
1360 3867 1477 3932 dieitur,
1495 3869 1550 3934 illi,
1569 3870 1614 3940 qui
1634 3871 1735 3941 petitus
1758 3872 1867 3928 retorsit

1047 3948 1075 4000 in
1091 3949 1205 4000 aiterum
1223 3949 1354 4017 crimina,
1373 3951 1563 4022 ignoscendum
1575 3971 1650 4020 ease,
1663 3972 1723 4009 com
1740 3973 1767 4012 ιο
1779 3962 1868 4013 roluc-

1046 4030 1083 4082 rit
1100 4031 1192 4086 ulcisci
1207 4044 1367 4103 prouocatus,
1383 4051 1435 4089 non
1449 4037 1482 4091 de
1492 4037 1685 4107 extrajudiciaii
1700 4040 1862 4108 iniuriarum

1045 4115 1161 4169 uindicta
1179 4117 1296 4188 intelligi
1311 4118 1403 4174 debet:
1423 4121 1486 4176 licet
1504 4121 1553 4174 hoc
1566 4119 1653 4184 fatear,
1664 4125 1741 4177 etiarn
1755 4127 1814 4194 jure
1827 4147 1868 4181 m·

1044 4217 1123 4254 mauu
1140 4203 1297 4258 retorsiuuis
1315 4203 1386 4258 huno
1404 4203 1525 4259 effectum
1544 4221 1611 4272 ease,
1628 4217 1658 4260 ut
1671 4211 1868 4280 compensatio·

1046 4282 1075 4336 ni
1093 4283 1251 4354 injuriarum
1277 4287 1348 4342 Ιοοοι
1372 4286 1435 4356 fiat,
1459 4287 1494 4342 ob
1516 4289 1645 4343 rationem
1665 4291 1681 4344 l.
1701 4291 1795 4362 89.ffi
1817 4295 1868 4348 sol.

1046 4377 1125 4422 muer.
1144 4368 1222 4438 Quod
1238 4387 1299 4424 rero
1317 4383 1435 4442 receptos
1453 4373 1615 4428 Germanice
1633 4393 1719 4430 mores
1749 4379 1860 4442 attinet,
1879 4379 1916 4429 28

1044 4462 1148 4508 certum
1165 4463 1221 4519 est,
1240 4456 1312 4510 illam
1332 4457 1410 4512 hodie
1430 4477 1478 4530 pru
1494 4460 1568 4514 licita
1586 4463 1713 4532 reputari,
1728 4463 1810 4518 modo
1824 4483 1864 4517 ea·

1047 4538 1106 4592 dem
1124 4539 1200 4594 licito
1218 4540 1294 4596 modo
1307 4544 1473 4610 instituatur,
1484 4557 1511 4600 et
1525 4547 1552 4599 iu
1566 4549 1714 4601 retorsione
1725 4565 1780 4601 uon
1794 4567 1865 4604 com·

1046 4623 1161 4678 mittatur
1179 4641 1310 4695 excessus,
1327 4629 1405 4684 sirati
1423 4631 1526 4701 prolixe
1543 4629 1661 4684 deduxit.
1680 4629 1751 4684 Gaii.
1771 4633 1817 4686 lib.
1837 4635 1861 4684 2

1046 4704 1101 4756 obs.
1120 4707 1180 4759 100.
1199 4709 1334 4779 Mynsing.
1350 4721 1421 4764 cent.
1443 4712 1469 4764 li.
1495 4713 1548 4768 obs.
1580 4715 1623 4767 tt.
1643 4713 1696 4769 Du.
1723 4715 1865 4770 stronde

1044 4787 1152 4842 uindict-
1167 4793 1271 4860 praeut.
1290 4811 1348 4865 cop.
1367 4798 1411 4848 10.
1430 4804 1452 4861 ς.
1470 4797 1496 4850 ii.
1522 4799 1579 4850 lloc
1608 4815 1673 4869 ergo
1705 4803 1861 4870 supposito,

1043 4871 1114 4941 quod
1130 4875 1246 4928 notarius
1264 4893 1343 4948 super
1360 4882 1466 4950 negotio
1484 4881 1560 4935 licito
1571 4891 1600 4936 et
1612 4881 1732 4937 moribus
1745 4885 1860 4955 probato

1041 4953 1161 5010 officium
1179 4975 1254 5012 sunm
1273 4961 1441 5034 interponat,
1475 4965 1546 5020 nulla
1571 4969 1675 5022 actione
1697 4969 1863 5038 iujuriarum

1042 5042 1176 5094 conveniri
1195 5045 1299 5114 poterit,
1318 5046 1342 5100 si
1359 5049 1392 5102 ab
1410 5050 1493 5104 altero
1511 5050 1657 5121 requisitus
1670 5051 1798 5122 scriptum
1822 5073 1863 5107 re-

1043 5121 1167 5176 torsionis
1185 5126 1366 5185 insinuaverit.
1381 5133 1438 5184 lloc
1454 5136 1527 5186 enim
1545 5149 1632 5186 coram
1652 5137 1755 5189 notario
1774 5148 1802 5190 et
1820 5150 1859 5191 te-

1041 5206 1125 5263 stibus
1142 5205 1201 5263 fieri
1221 5215 1313 5280 solere,
1333 5227 1439 5272 testatur
1457 5220 1546 5273 strus-
1560 5220 1585 5273 d.
1597 5237 1620 5272 e.
1637 5223 1679 5275 10.
1694 5219 1718 5294 §-
1732 5227 1775 5278 11.
1787 5245 1814 5278 rr.
1837 5228 1863 5279 2.
