4414 6220
422 244 475 298 tto
1001 246 1190 312 DlSl’UTlT.
1207 251 1255 307 vt.
1273 249 1390 304 estur
1406 247 1442 302 ll.
1883 289 1887 296 .
1956 250 2008 303 344

320 340 355 394 44
373 343 407 398 erl
425 339 584 401 isencfielum
602 341 765 398 excussionis
790 358 837 397 sce
853 337 963 399 'ordinis
989 343 1190 418 fideiussoribus
1276 345 1354 416 Quod
1373 345 1396 398 si
1416 361 1477 414 ergo
1495 342 1584 398 minor
1600 343 1678 400 alieni
1699 343 1834 414 pecuniam
1852 341 2011 414 crediderit,
2029 353 2056 398 et
2074 347 2112 404 bi

372 429 436 484 alias
454 440 622 500 competens,
641 429 735 482 ciritae
751 427 826 482 enim
843 443 902 481 oona
919 447 1002 502 aeque
1019 433 1121 489 dicator
1133 437 1189 508 prt-
1239 427 1355 482 ioemins
1375 424 1538 496 fidejusserit
1555 449 1603 499 pro
1621 429 1756 494 debitore,
1773 446 1807 482 an
1827 429 1875 482 ltce
1892 438 1982 498 postes
2004 447 2060 484 nou

374 511 494 581 silegiste
511 522 591 583 etque
607 513 729 576 ecclesis,
749 513 812 564 been
830 523 918 567 antem
929 513 962 568 de
975 515 1045 570 incili
1060 519 1095 574 ob
1109 524 1191 575 mults
1240 511 1362 572 solvendo
1378 513 1517 580 existente;
1537 523 1564 568 et
1578 513 1706 568 creditori
1724 514 1823 568 minori
1847 525 1938 566 contre
1962 511 2058 566 luenti·

376 595 428 650 eibi
446 597 622 666 competentia
641 594 778 666 priuilegio
795 597 930 650 nonreniri
946 611 1061 668 oeqascnt,
1076 601 1191 656 Berlscis.
1241 620 1301 656 usna
1320 602 1409 670 agenti
1426 601 1528 670 opponi
1546 603 1629 670 possit
1648 601 1770 670 exceptio
1788 609 1835 654 set
1855 599 1990 667 rellejeui?
2007 600 2060 658 ii.-

321 665 359 720 ⁸5
373 679 536 752 phenol-
562 679 606 730 44.
631 697 658 732 n.
683 679 727 732 27.
750 678 815 732 ldco
833 697 936 751 quoqne
953 683 1066 738 cessabit
1084 689 1190 757 penitus
1240 687 1279 740 tio
1298 684 1436 738 dubitandi
1456 686 1483 736 in
1503 684 1551 735 boe
1568 684 1709 748 consistit,
1733 683 1803 752 quod
1830 682 1876 736 ltin
1901 695 2058 738 monterrant

374 759 532 820 bneficium
552 763 731 830 excussionis,
750 773 775 818 ct
790 763 888 818 omissa
906 765 1012 822 cisitcte
1023 771 1112 824 statim
1126 787 1188 822 con·
1239 771 1292 823 duo
1308 768 1412 822 diversa
1430 767 1568 837 privilegia
1580 767 1756 822 restitutionis
1768 783 1806 820 sc.
1818 766 1902 836 qnoed
1915 767 2055 832 minorem,

376 860 415 906 trs
431 849 659 904 sdministretores
679 856 809 918 temquam
828 845 995 918 fidejussores
1012 853 1083 908 sotio
1103 872 1189 908 more-
1239 865 1266 908 et
1282 853 1333 906 scti
1351 850 1434 922 quosd
1453 848 1612 916 terminasse
1632 851 1702 905 node
1722 849 1790 903 iores
1807 850 1970 914 dicendum,
2000 864 2053 905 sta·

320 917 359 972 ⁴⁶
377 936 402 988 ri
419 935 528 1006 poterit.
541 933 592 984 Per
606 932 653 986 hos
666 939 751 984 temen
770 929 997 989 administratores
1015 937 1189 1008 intelligimus
1240 934 1433 1006 tuendumque,
1453 932 1595 988 foeminam
1614 951 1647 986 ex
1666 934 1795 1002 ejusmodi
1810 935 1997 990 intercessione
2008 953 2056 1006 pso

374 1019 448 1084 illos,
466 1017 562 1088 quibus
579 1015 663 1068 solum
684 1012 797 1082 reipubl.
822 1015 1006 1084 gubernsudse
1030 1037 1090 1074 cura
1118 1038 1187 1074 com·
1240 1023 1343 1075 minore
1361 1019 1427 1074 loeta
1446 1019 1531 1073 salide
1547 1020 1658 1090 obligeri
1676 1037 1707 1074 ac
1730 1021 1912 1091 exceptionem
1935 1020 1983 1074 seti
2003 1023 2057 1076 sel·

373 1102 475 1166 misso,
493 1099 583 1169 quales
601 1097 756 1166 plerumque
776 1098 858 1152 solent
870 1102 1059 1155 esseconsules
1076 1113 1103 1156 et
1115 1120 1189 1155 sena·
1240 1105 1318 1174 lejeni
1337 1103 1401 1156 alies
1418 1111 1611 1172 competentem
1631 1102 1675 1154 iric
1693 1103 1798 1174 penitus
1815 1121 1925 1158 cessere.
1941 1105 2009 1157 Utut
2027 1122 2055 1160 s·
2073 1119 2109 1173 52

375 1195 461 1249 tures;
476 1180 683 1251 Colendeproc.
696 1197 770 1234 ecee·
783 1197 809 1250 p.
828 1183 854 1234 2.
866 1199 888 1238 c·
902 1185 967 1236 bn.
983 1187 1044 1240 337.
1060 1186 1189 1258 Csrpsoe.
1240 1188 1297 1240 nim
1316 1186 1449 1255 volgatum
1468 1183 1521 1247 sit,
1538 1184 1601 1238 dato
1618 1185 1819 1256 prisilegiorum
1837 1203 1964 1240 concursu
1988 1197 2056 1238 sten-

371 1263 808 1342 p.2.c.ii.d5fi19.n.'i.etls'd.
833 1266 859 1320 2.
872 1282 942 1338 resp.
968 1271 1029 1322 too.
1049 1269 1136 1324 Strus.
1154 1273 1192 1326 cd
1239 1272 1380 1328 dumesse
1399 1269 1453 1339 jeri
1472 1268 1607 1321 communi
1626 1267 1940 1338 t.mrn1ois.st.e.qnt
1953 1278 2009 1340 pot.
2027 1268 2056 1322 tn

371 1356 412 1412 tit.
426 1355 460 1408 de
473 1353 527 1406 reb.
540 1347 661 1404 credili.
676 1347 718 1399 19.
732 1363 785 1400 uon
805 1364 865 1404 reru
883 1352 959 1416 illos,
977 1369 1056 1423 peuce
1074 1372 1140 1426 quos
1151 1364 1192 1407 cst
1237 1351 1499 1427 pign.l.serum.ff.
1518 1351 1551 1406 de
1570 1353 1701 1406 minerii.
1721 1354 1820 1408 &rorte
1837 1371 1912 1408 cone.
1926 1353 2011 1406 idas.
2028 1354 2056 1406 4.

370 1439 401 1492 τὸ
420 1438 564 1504 πολίτευμα
583 1449 627 1486 seu
647 1431 763 1500 regimen
783 1433 863 1486 tutius
881 1435 1017 1503 cisitstis,
1034 1440 1123 1508 quoles
1136 1439 1192 1508 pie·
1240 1451 1268 1494 et
1284 1441 1324 1495 sic
1340 1455 1440 1510 quoque
1459 1437 1508 1490 hoc
1526 1454 1587 1492 essu
1606 1435 1750 1492 foemineos
1768 1437 1849 1492 etiam
1861 1446 1953 1490 contre
1971 1437 2057 1490 mino·

376 1535 487 1592 rumque
515 1526 577 1569 sunt
601 1513 702 1568 tribuni
728 1513 815 1584 piebis
834 1526 860 1570 et
877 1518 1048 1588 collegiorum
1066 1515 1192 1590 opificum
1241 1543 1297 1580 ron
1315 1541 1447 1596 opponere
1465 1538 1541 1594 posse
1558 1535 1639 1576 sctum
1657 1525 1811 1592 reltejsnnns
1825 1524 2056 1590 vulpeum
2073 1511 2108 1564 iil

369 1605 501 1678 ¹nangistri·
521 1602 605 1656 Celer·
622 1599 918 1656 d·l·tt·3l'1·D⁰usll-
944 1603 982 1658 ad
1005 1605 1024 1658 4.
1050 1600 1137 1673 iil-ff·
1160 1604 1195 1658 dr
1241 1609 1343 1679 repulse
1365 1609 1466 1678 volgato
1487 1624 1589 1676 quoqne
1615 1607 1760 1660 constitute
1782 1618 1823 1661 est
1847 1605 1989 1671 limitatio,
2015 1623 2052 1658 eo.

378 1692 432 1748 red.
444 1689 515 1744 cred.
528 1704 556 1739 n.
577 1689 603 1738 1.
617 1685 735 1740 Richter.
756 1684 812 1739 dec.
823 1688 868 1740 71.
879 1706 907 1740 n.
923 1692 947 1743 1.
966 1691 1055 1745 strue.
1070 1689 1098 1742 d.
1117 1690 1135 1744 4.
1153 1691 1193 1743 tls.
1239 1693 1454 1748 concurrentibus
1471 1689 1572 1744 duobus
1590 1689 1738 1760 privilegiis
1751 1701 1872 1745 neutrum
1892 1691 1984 1754 eslere,
1997 1691 2052 1744 nisi

374 1777 418 1829 18.
436 1774 546 1828 blentic.
564 1772 597 1826 de
621 1779 672 1824 toc.
698 1782 828 1825 convent.
846 1772 864 1824 1.
883 1774 910 1825 8.
937 1777 976 1827 ris.
998 1776 1040 1829 13.
1069 1777 1120 1828 Per
1143 1773 1191 1826 lros
1240 1779 1350 1831 alterurn
1368 1775 1404 1828 sit
1422 1775 1570 1843 potentius;
1591 1774 1654 1826 binc
1671 1773 1739 1844 quod
1758 1775 1837 1844 poulo
1852 1774 2055 1829 antedemiuo-

371 1863 444 1916 euim
463 1859 582 1913 universe
599 1857 692 1912 cisitss
713 1860 933 1929 reprseseutatire
944 1861 1109 1916 consensisse
1119 1861 1179 1915 ride
1240 1880 1269 1916 re
1284 1877 1344 1916 curn
1362 1855 1483 1913 filiolam.
1501 1859 1670 1912 contrelsente
1686 1857 1820 1924 diximus,
1850 1873 1951 1912 cessure
1968 1869 2054 1914 sctum

371 1954 429 2007 tur,
449 1953 476 1996 et
494 1942 532 1995 sic
550 1957 603 1994 nou
621 1955 689 2009 opus
717 1940 786 2007 erit,
813 1942 966 2015 priusquam
990 1944 1037 1998 ills
1054 1943 1189 2000 consmiri
1240 1945 1470 2008 macedonianum,
1491 1941 1536 1998 bic
1552 1959 1653 2012 quoque
1671 1943 1842 2012 repetendum
1863 1943 1942 1996 nobis
1964 1947 2054 2014 renit,

371 2024 456 2096 possit
472 2021 582 2092 probsre
599 2021 753 2074 versionem·
1238 2045 1267 2080 se
1283 2045 1385 2080 cessare
1401 2037 1487 2080 sotum
1507 2028 1659 2095 sellejsoum
1678 2029 1781 2081 ratione
1807 2025 1939 2082 toentnse
1961 2029 2054 2086 dicen·

317 2124 353 2178 47
407 2109 480 2178 Quid
498 2107 522 2160 si
540 2123 600 2159 sero
618 2104 845 2161 administretores
863 2106 973 2178 elicujos
991 2109 1112 2164 civitatis
1129 2129 1186 2166 anu·
1237 2111 1314 2175 dnm,
1331 2111 1367 2165 nb
1386 2113 1451 2164 benc
1467 2111 1574 2181 quidem
1589 2111 1737 2178 rstioncm,
1749 2109 1816 2181 qood
1830 2112 2000 2182 pririlegiom
2011 2133 2053 2168 ae-

369 2203 414 2248 tuo
444 2191 508 2244 deut
531 2189 640 2248 ulterius
663 2187 779 2242 eisitstis
803 2187 1064 2246 administretorilsus
1086 2204 1186 2248 certem
1238 2195 1300 2248 tatis
1317 2193 1354 2248 sit
1372 2196 1519 2266 potentius,
1538 2195 1627 2264 sicque
1646 2205 1700 2248 scto
1720 2197 1926 2266 praeponderet,
1955 2195 2053 2252 inrora-
2071 2189 2105 2242 55

369 2275 497 2347 pecunius
516 2287 662 2336 summense
681 2281 819 2326 teneturne
837 2283 926 2344 postes
951 2275 998 2329 iile
1027 2276 1138 2343 cisitss,
1164 2278 1187 2332 si
1238 2280 1317 2332 bilior
1333 2278 1406 2332 enim
1432 2289 1472 2332 est
1490 2295 1567 2332 conse
1593 2280 1727 2332 minorum
1753 2296 1831 2348 quarn
1859 2277 2052 2349 foeminarum,

368 2369 461 2414 contre
474 2359 540 2412 brun
549 2355 582 2408 ad
596 2355 781 2424 repetitionem
800 2372 876 2425 egere
894 2357 974 2425 velit,
990 2358 1187 2430 probsrepriue
1237 2361 1307 2417 Siout
1325 2363 1401 2416 otoo
1419 2363 1583 2417 deterritus.
1605 2363 1635 2416 in
1658 2363 1755 2432 integr.
1775 2381 1804 2433 p.
1831 2365 1857 2416 l.
1869 2384 1914 2437 qn.
1925 2365 1951 2418 4.
1964 2386 1992 2420 n.
2008 2366 2050 2420 45.

366 2444 530 2506 versionem,
547 2457 580 2494 su
597 2455 660 2492 sero
678 2438 779 2509 poterit
789 2441 869 2493 sltera
880 2441 988 2494 alterssn
1001 2444 1129 2514 repellere
1139 2462 1185 2498 ex·
1236 2447 1345 2504 Videtur
1362 2448 1470 2519 quidem
1489 2447 1534 2502 bic
1550 2464 1650 2500 cessam
1668 2449 1736 2502 ratio
1755 2449 1818 2512 iste,
1837 2466 1904 2518 qnae
1924 2449 1952 2501 in
1976 2463 2052 2506 entes
2070 2443 2105 2496 ³⁶

369 2527 493 2598 ceptione
510 2524 582 2598 peris
600 2520 755 2594 privilegii?
772 2521 807 2576 lit
822 2524 934 2578 omnino
960 2529 1091 2598 posterius
1113 2527 1186 2585 silit·-
1235 2531 1296 2584 deto
1314 2547 1376 2585 cusu
1395 2530 1482 2598 magni
1503 2531 1629 2586 momenti
1649 2549 1727 2596 esse,
1745 2531 1910 2602 graviterque
1930 2550 1976 2604 pro
2003 2538 2054 2590 mi·

367 2610 494 2664 mendum
513 2619 648 2678 putorem
665 2607 1005 2680 cumenimpririlegiatus
1025 2615 1185 2684 contrepri·
1234 2632 1297 2668 nore
1314 2625 1401 2670 contre
1419 2611 1571 2669 filiomism.
1599 2630 1714 2686 pugnsre
1739 2615 1893 2676 ridebstur,
1912 2633 1949 2672 sc.
1974 2621 2046 2688 quod

366 2693 521 2763 vilegiatum
538 2709 592 2744 nou
609 2697 697 2744 utntsr
714 2691 864 2761 prisilegio,
884 2693 944 2748 ideo
956 2712 1058 2766 quoque
1077 2713 1124 2750 nec
1136 2699 1184 2752 lsnc
1235 2698 1405 2769 prieilegium
1423 2699 1601 2751 restitutionis
1619 2701 1653 2752 sit
1672 2697 1806 2750 inductum
1826 2699 1854 2749 in
1872 2698 1985 2753 levorem
1998 2705 2051 2756 mi.

364 2793 425 2831 cesu
443 2775 536 2828 nirites
552 2795 567 2828 e
585 2773 693 2828 cisitste
716 2774 902 2845 probationem
927 2781 1056 2834 versionis
1080 2782 1185 2851 exigere
1234 2801 1346 2848 norum,
1362 2794 1388 2836 et
1407 2781 1469 2834 ltine
1487 2781 1627 2834 nlmodnrn
1647 2779 1803 2846 iesorsbile,
1822 2783 1993 2854 privilegium
2007 2807 2052 2844 η.

367 2861 480 2927 valebit,
500 2859 545 2913 sed
564 2869 620 2914 utut
637 2860 701 2912 hacc
719 2861 823 2928 probari
842 2861 912 2916 haud
942 2865 1040 2935 possit,
1067 2880 1183 2922 mutuum
1232 2884 1262 2920 ro
1292 2866 1344 2920 sctl
1369 2863 1549 2918 macedoniani
1576 2863 1668 2916 odium
1700 2865 1826 2934 inprimis
1856 2865 2054 2932 loenerstoruse

314 2964 351 3017 ⁴8
369 2955 457 3000 tomen
477 2944 616 2996 restituere
634 2943 785 3010 tenebitur;
800 2945 1182 3020 quodsitamencisitssilla,
1232 2960 1385 3014 concernat,
1403 2957 1429 3000 et
1448 2947 1510 2999 hino
1529 2946 1604 3016 piem
1620 2946 1756 3012 odiosum
1783 2948 1832 3002 lsoc
1855 2961 1944 3004 eutem
1967 2967 2050 3010 aetum

368 3029 442 3097 cujus
455 3025 681 3080 administratores
693 3038 811 3080 mutuum
822 3033 1109 3104 acceperunt,iiqui‹lo
1122 3054 1183 3106 pro·
1233 3032 1386 3101 sellejannm
1405 3029 1530 3082 foeminis
1549 3045 1716 3095 conoessum,
1735 3029 1859 3099 quoniam
1881 3050 1933 3086 nou
1962 3037 2049 3090 minus

366 3113 429 3167 bare
446 3109 545 3183 possit,
563 3112 702 3181 pecuniam
722 3111 789 3164 benc
806 3127 862 3168 uon
879 3113 908 3166 in
926 3131 1014 3183 serem,
1041 3119 1086 3167 sed
1111 3118 1181 3188 ipso.
1231 3111 1373 3168 lsrorsbile
1390 3122 1469 3182 etque
1487 3110 1699 3181 ipse'minornm
1713 3113 1857 3180 restitutio,
1875 3132 1934 3170 cum
1948 3121 1976 3173 in
1991 3122 2050 3174 nnl-

363 3215 423 3251 rum
441 3195 585 3249 utilitatem
602 3211 661 3248 esse
677 3211 802 3258 serssm,
818 3193 852 3246 sb
869 3195 972 3248 notione
995 3215 1098 3267 quoqne
1115 3201 1182 3257 libe.
1231 3199 1283 3251 tius
1300 3196 1407 3262 odinum
1428 3195 1472 3249 sed
1492 3195 1576 3246 solum
1605 3192 1777 3248 foeminerum
1796 3195 1911 3252 lusorem
1930 3201 1968 3255 sit
1985 3221 2046 3258 con,

364 3275 870 3340 rsudtmefflt‘flm1l’llfflmffis
901 3275 964 3344 quin
983 3279 1006 3330 si
1025 3282 1183 3350 simpliciter
1230 3301 1346 3348 cessum,
1365 3282 1428 3336 binc
1445 3281 1525 3336 etism
1545 3290 1665 3335 neutrum
1685 3282 1777 3336 borum
1797 3285 1994 3357 pririleginrum
2007 3310 2049 3346 se·
2066 3265 2103 3319 ω

363 3362 397 3414 ed
416 3360 607 3414 restituendum
628 3368 772 3420 monetur,
790 3357 874 3410 alters
887 3375 948 3412 cum
961 3361 1069 3417 ulterius
1088 3365 1183 3422 demoo
1230 3367 1332 3436 qualem
1351 3365 1464 3420 sororem
1481 3364 1558 3420 elteri
1585 3365 1731 3436 preesslcre
1750 3365 1858 3432 deberes
1889 3387 1976 3425 retum
1996 3386 2050 3430 utut

361 3444 577 3516 iocupletsretnr,
594 3450 622 3494 et
639 3440 678 3491 sic
695 3439 727 3491 de
745 3439 817 3492 lucro
836 3439 965 3511 cupiendo
982 3455 1113 3514 certaret,
1135 3469 1182 3522 po·
1231 3453 1281 3505 hoe
1298 3450 1374 3502 nobis
1390 3449 1495 3503 obstare
1514 3449 1650 3512 sidentur3
1678 3449 1768 3521 disper
1794 3462 1878 3508 temen
1903 3457 1980 3526 plane
2004 3458 2048 3513 ltin

361 3528 416 3582 tius
434 3543 496 3596 ergo
514 3524 576 3576 huic
593 3523 628 3576 de
645 3521 741 3578 demun
759 3523 866 3582 riisstdc
890 3527 976 3596 rgenti
1001 3530 1053 3586 erit
1076 3536 1183 3606 prospi·
1232 3537 1299 3588 ratio
1317 3533 1408 3600 adest,
1427 3549 1475 3586 nec
1494 3536 1628 3604 aequalem
1650 3531 1765 3586 lusorem
1785 3534 1857 3590 bisce
1876 3537 2045 3597 tribuendum

363 3607 496 3664 ciendum·
1230 3615 1413 3679 concedimnss
1430 3616 1603 3686 priuilegium
1622 3618 1694 3671 enirn
1713 3618 1822 3686 aetatis,
1841 3622 1881 3674 uti
1897 3634 1971 3676 entes
1991 3627 2044 3694 jem

281 3715 286 3722 ·
308 3698 344 3751 ttt
397 3693 439 3746 Ob
462 3707 616 3746 concursum
641 3705 742 3764 quoqne
764 3691 963 3766 privilegiorum
985 3696 1100 3757 inernins
1120 3707 1179 3758 'non
1231 3698 1465 3760 monuimus,eorn
1480 3699 1516 3753 sit
1530 3701 1662 3765 naturate,
1676 3701 1724 3755 soti
1738 3717 1798 3754 sero
1815 3703 1974 3760 occidentale
1988 3707 2043 3760 imo

359 3776 459 3848 poterit
476 3777 518 3829 uti
543 3777 698 3846 exceptione
723 3777 771 3832 ecti
800 3779 937 3848 selleisni,
964 3783 987 3836 ei
1015 3785 1110 3840 rninori
1132 3805 1180 3858 pro
1229 3799 1302 3834 censs
1324 3779 1492 3852 priuilegium
1511 3783 1669 3836 concedendi
1690 3783 1788 3838 minori
1809 3786 1885 3854 longe
1910 3789 1946 3841 sit
1970 3788 2042 3844 ineo·

363 3859 482 3913 debitore
501 3875 547 3912 suo
566 3860 756 3928 spoponderit,
774 3859 899 3930 llbff.
916 3863 950 3919 de
975 3865 1077 3920 minor.
1091 3869 1178 3922 strue.
1228 3867 1351 3930 rebilinr,
1369 3883 1447 3936 qnam
1467 3864 1615 3933 ioemiune,
1634 3865 1694 3919 ideo
1710 3885 1812 3938 quoque
1829 3869 1971 3925 illudhuic
1985 3877 2061 3944 jure·

306 3942 342 3994 440
359 3941 693 4013 odtit.ffindsnt.ueilcj.
716 3959 745 3995 n.
771 3945 813 3998 ts.
835 3943 904 4000 Nem
923 3957 982 4002 utut
998 3951 1066 4004 alies
1083 3953 1179 4022 qnosis
1230 3948 1437 4024 praeponderare
1449 3967 1478 4002 sc
1490 3951 1669 4020 exceptionem
1688 3950 1738 4002 scti
1753 3952 1872 4019 rellejani
1885 3964 1976 4009 contre
1990 3959 2040 4010 mi-

359 4023 437 4079 ⁰¹⁰110
455 4025 625 4091 0044414044.
649 4041 729 4096 ”quo
747 4028 865 4099 clsligsre
895 4030 980 4084 salide
1002 4035 1096 4103 possit,
1122 4051 1171 4104 pro
1220 4055 1313 4092 norem
1331 4035 1363 4087 ed
1381 4035 1559 4088 restitutionis
1578 4032 1934 4106 beneficiumprotocsntem
1954 4061 2040 4114 oppo.

357 4110 419 4162 eliis
438 4119 524 4164 temen
543 4109 705 4163 intercedere
721 4127 848 4182 expresse
864 4112 919 4184 ipsi
936 4113 1037 4185 legibus
1065 4127 1104 4170 est
1127 4116 1169 4170 in·
1222 4121 1249 4174 ni
1270 4137 1321 4174 non
1340 4134 1429 4190 posse,
1448 4118 1549 4172 nullum
1569 4117 1740 4172 estdubinm.
1752 4119 1771 4172 4.
1786 4117 1880 4189 14].
1894 4121 1928 4175 rie
1939 4127 2038 4180 minor.

356 4196 519 4260 terdictum,
536 4193 683 4266 etquidem
699 4195 735 4250 olr
761 4197 828 4250 banc
851 4199 996 4264 rmonen,
1020 4201 1090 4270 qont
1113 4217 1170 4254 mu·
1220 4204 1332 4272 Πενίας.
1349 4201 1581 4271 defideinse.e.'i.
1598 4219 1625 4254 n.
1645 4199 1707 4254 tot.
1723 4203 1927 4274 supponendum
1942 4218 2038 4276 temen,

356 4281 452 4334 liermu
471 4295 552 4348 genus
569 4279 709 4333 edmodum
726 4278 761 4335 sit
778 4278 874 4350 irsgile
899 4281 917 4335 4.
947 4283 972 4335 2.
997 4289 1020 4346 ς.
1036 4280 1113 4351 ²ffi
1135 4285 1173 4340 oct
1222 4289 1260 4342 oti
1279 4285 1390 4338 fecimus
1406 4284 1441 4337 sb
1459 4282 1558 4349 initio,
1577 4282 1723 4338 debitorem
1741 4301 1794 4336 non
1814 4288 1936 4344 soluendo
1959 4308 2035 4358 esse,

358 4375 405 4418 set.
430 4363 520 4436 vellej.
541 4362 594 4415 Dn.
613 4361 793 4419 Brunnemen.
817 4365 843 4418 d.
861 4365 880 4418 4.
903 4365 1007 4421 ethius
1023 4366 1110 4422 senilis
1127 4369 1168 4422 ni·
1218 4369 1333 4440 adeoque
1349 4377 1441 4422 contra
1457 4366 1607 4420 debitorem
1626 4367 1829 4422 succurrendum
1851 4385 1920 4427 esset
1937 4376 2037 4431 minori

356 4448 439 4500 mium
458 4456 638 4518 precsumetur
656 4445 773 4502 loemius
789 4447 820 4500 in
836 4444 1014 4520 fidejubendo,
1026 4451 1169 4508 dummodo
1221 4457 1306 4510 Strne.
1322 4461 1456 4524 syntagm.
1478 4449 1518 4504 tit.
1530 4450 1563 4502 de
1575 4449 1672 4504 minor.
1694 4453 1731 4508 tls.
1754 4453 1797 4506 12.
1818 4454 1870 4510 lin.
1889 4455 2034 4515 Brunnern.

355 4533 384 4586 iu
404 4531 536 4602 praesenti
554 4531 713 4586 solutionem
731 4533 857 4604 expedire
874 4553 928 4590 oon
946 4548 1066 4608 cogetur,
1078 4539 1108 4591 in
1119 4540 1169 4593 hoe
1221 4532 1363 4605 comens.
1374 4533 1401 4586 d.
1415 4533 1434 4586 4.
1450 4531 1489 4589 tl.

354 4617 426 4670 euim
446 4615 559 4670 nimium
575 4623 702 4686 quantum
720 4613 831 4670 tenone
848 4616 1002 4690 plerumque
1018 4621 1103 4674 solem
1115 4619 1169 4676 ioe-
1256 4619 1327 4690 Quid
1345 4635 1406 4673 sero
1424 4615 1510 4685 jurist
1527 4615 1550 4668 si
1569 4613 1685 4670 ioeminn
1704 4616 1791 4690 eliqua
1808 4623 1892 4690 mejor
1909 4639 1958 4693 pro
1977 4643 2033 4680 mo·

301 4723 337 4775 Μ
357 4702 458 4765 minae,
476 4713 502 4756 et
517 4715 607 4756 seems
624 4715 728 4768 semper
739 4698 974 4756 imosssrissimue
991 4706 1169 4774 proesumitur
1219 4703 1285 4758 liere
1302 4703 1421 4756 nubente
1437 4695 1548 4764 merito,
1567 4699 1672 4769 ipsique
1689 4700 1777 4754 dotem
1796 4705 1978 4774 promittente,
1993 4708 2034 4762 io·

311 4821 312 4826 ,
356 4803 435 4840 sexus
452 4783 589 4840 muliebris
607 4777 756 4850 liffind
778 4782 1169 4856 scs.oettej.aontnontttooo
1220 4784 1353 4851 recredet,
1370 4801 1470 4838 numne
1486 4781 1585 4837 exinde
1602 4782 1755 4853 obligatur?
1772 4783 1807 4838 Et
1825 4786 1870 4838 hic
1887 4791 2032 4843 ssuedeci·

355 4867 480 4932 hsbetur,
498 4872 523 4920 si
540 4865 657 4920 ioemins
678 4865 820 4936 quidquem
843 4865 934 4922 donet.
956 4867 1012 4924 rid.
1034 4871 1167 4930 disscard.
1220 4871 1259 4924 sio
1272 4885 1345 4924 casm
1359 4865 1539 4940 prsecedentis
1550 4866 1699 4938 repetendo,
1710 4883 1740 4920 nc
1752 4879 1868 4922 cessante
1878 4869 2033 4940 exceptione

355 4951 538 5023 depredato.
552 4949 634 5001 idn.
649 4945 844 5002 contremo.
858 4950 1166 5012 tantotiens.
1219 4953 1270 5006 scti
1287 4949 1406 5020 neliejoni
1418 4947 1531 5006 eslislsm
1548 4965 1583 5004 ex
1601 4949 1645 5003 teli
1664 4951 1841 5022 promissione
1850 4952 1917 5005 oriri
1930 4954 2043 5026 obligo.
2116 5011 2120 5018 ,

357 5035 464 5090 liurbns.
481 5035 528 5088 tit.
548 5036 590 5088 11.
608 5049 630 5086 o.
650 5033 693 5086 ct.
711 5033 816 5086 ueiens·
834 5033 864 5088 2.
877 5045 1041 5105 qosprnpter
1065 5049 1093 5094 et
1119 5039 1166 5092 do·
1218 5034 1317 5089 tionem
1335 5033 1388 5089 erit
1401 5032 1588 5095 asserendumt
1611 5031 1682 5102 quod
1707 5034 1730 5086 ei
1753 5035 1824 5085 enim
1848 5049 1900 5086 uon
1925 5036 2031 5103 juratos
2049 5057 2085 5108 ω

356 5140 417 5178 nere
434 5123 518 5176 tibere
535 5123 713 5194 permiserunt
728 5121 786 5188 jure
808 5115 952 5186 ioesninee,
969 5131 1167 5190 quantumcum-
1219 5125 1292 5183 soto,
1310 5115 1335 5169 si
1353 5132 1405 5188 pro
1423 5131 1514 5181 emo,
1531 5123 1562 5169 nt
1579 5127 1750 5185 consequetur
1766 5115 1933 5182 libertatem,
1947 5119 2031 5174 inter-

351 5225 402 5280 que
419 5208 496 5263 etiem
513 5205 592 5269 velit,
611 5202 752 5258 interdicte
770 5203 855 5256 solum
872 5199 1038 5273 fidejubeudi
1055 5203 1163 5260 immta-
1219 5200 1307 5268 cedat,
1320 5202 1338 5255 4.
1352 5199 1395 5256 itt
1413 5217 1437 5253 c.
1455 5199 1494 5254 nd
1504 5209 1550 5256 scs.
1570 5199 1656 5270 celiep'.
1678 5201 1732 5254 Do.
1752 5199 1894 5254 Brunnem.
1914 5203 1952 5256 nol
1968 5205 1995 5258 d.
2011 5207 2029 5259 4

354 5307 397 5361 te,
412 5305 438 5348 et
456 5309 580 5348 concesso
598 5291 676 5344 simul
694 5287 832 5344 favorabili
849 5287 937 5359 eliquo
958 5289 1100 5360 priuilegio
1117 5306 1164 5344 ex·
1221 5283 1517 5340 tortormentis
1536 5283 1635 5338 multis.
1654 5282 1682 5334 4.
1691 5280 1733 5351 ff.
1751 5285 1785 5338 de
1800 5293 1860 5338 siut.
1878 5285 1951 5339 tom.
1962 5305 1990 5354 p.
2004 5287 2030 5340 2.

353 5379 471 5450 ceptione
488 5395 525 5432 sc.
542 5375 590 5432 soti
607 5371 728 5442 rellejsni
740 5372 760 5426 4.
773 5372 832 5438 14
847 5374 872 5427 i·
887 5369 931 5442 ff·
954 5371 988 5426 rie
1012 5383 1163 5441 ennetpeo.
1217 5381 1269 5426 nrt·
1290 5370 1332 5424 14.
1350 5385 1379 5421 n.
1399 5369 1443 5424 ts.
1461 5366 1573 5438 liering.
1593 5363 1763 5439 defidejuse.
1782 5385 1806 5420 c.
1823 5369 1849 5422 ’4.
1867 5386 1894 5422 n.
1913 5367 1975 5421 stt.
1993 5387 2027 5425 ex

353 5464 465 5518 litantis.
483 5460 596 5516 onon.
607 5453 761 5512 consent-i·
777 5453 870 5508 litis.
883 5452 907 5506 4.
921 5471 947 5506 n.
958 5455 985 5506 d.
1002 5455 1027 5510 sl
1046 5456 1118 5524 cujus
1130 5457 1162 5510 sd
1215 5453 1330 5524 paritate
1346 5451 1460 5508 rationis
1478 5467 1526 5506 nco
1542 5450 1694 5521 jurabitur,
1712 5450 1735 5503 si
1752 5469 1802 5523 pro
1820 5449 1878 5506 dote
1896 5463 2028 5526 tsmqnnm

356 5547 508 5606 soluentium
528 5544 570 5613 id,
588 5542 658 5617 quod
675 5537 863 5596 intercedendo
880 5538 1023 5612 promisit,
1041 5543 1162 5614 compelli
1216 5541 1260 5609 pie
1278 5555 1353 5593 eeuss
1370 5535 1522 5608 fidejubent.
1540 5537 1598 5590 lrno
1615 5533 1773 5606 ‘sonaliter
1791 5551 1880 5592 rerum
1898 5547 1951 5604 est,
1971 5556 2026 5594 mo
2044 5571 2080 5622 ω

353 5651 405 5689 non
423 5630 530 5708 poterit.
1214 5623 1307 5680 lierem
1326 5623 1533 5680 intercedentem
1545 5637 1595 5699 pro
1606 5620 1666 5676 'alin
1676 5621 1820 5695 principsli
1838 5622 1968 5692 debitore,
1979 5627 2028 5698 qui
