4430 6232
340 249 401 299 nit·
476 169 519 204 ·”¹
590 235 607 312 '·
683 195 712 282 Ι,
805 191 1459 298 ntsrtsttr.ittuttttnnttsnct.tt.
1696 247 1705 270 ¹.
1869 225 1924 280 m

286 360 359 396 uem·
376 345 392 394 ι,
412 343 437 392 ³.
455 329 766 406 ffid0r0305.1a.'pmd
791 341 973 404 perspectum:
994 339 1108 380 ettamen
1164 343 1198 378 no
1216 325 1352 378 ‹tteetnne
1371 326 1427 376 dies
1448 323 1556 393 judicii,
1573 324 1593 375 si
1612 322 1701 376 eedem
1721 323 1788 376 dicte
1807 323 1907 376 clienti.
1922 324 1982 390 Quis

1162 407 1195 458 ele
1214 425 1242 461 re
1260 409 1342 462 erolri
1363 416 1478 460 meretur
1496 409 1656 460 Iloecrrrdue
1675 413 1698 462 d.
1717 410 1734 459 l.
1750 411 1819 462 llaec
1837 409 1905 460 estio
1923 421 1981 470 est,

285 437 382 494 exinde
400 445 483 506 petet,
501 438 655 508 exceptione
672 449 737 505 opus
757 431 837 484 inisse
853 429 957 482 merito.
974 428 1109 479 Pruetercr
1161 489 1229 556 quod
1253 493 1309 557 im
1333 509 1442 544 ”mmo
1459 489 1607 560 ignorantis
1633 493 1699 557 imi,
1717 511 1768 545 non
1788 492 1978 545 mmm

286 523 409 592 superius
430 521 540 573 dirersis
559 521 586 571 in
607 519 672 573 iuuit
691 534 736 588 pet
753 517 770 566 i.
798 517 822 568 3.
838 512 874 583 ff.
894 513 926 566 tie
945 509 1107 574 exceptioni·

280 603 337 657 ,Μ
354 601 702 672 prohmum’fflegfflonem
723 598 818 662 mum.
838 613 887 665 qm
906 611 965 648 m„
984 601 1059 662 neg„
1080 609 1105 642 „
1162 575 1308 640 meuserit)
1326 575 1412 627 dotem
1428 579 1557 644 integrent
1577 576 1737 636 restituerit,
1757 593 1808 628 ιιοιι
1828 575 1922 628 bebere
1940 593 1979 632 rer

284 681 354 738 epoti
369 687 452 738 uuum
471 687 514 755 im
530 685 643 738 ‘ommi’
667 691 827 752 compatre,
842 678 960 750 κηποι
974 692 1105 744 umqum,
1160 657 1384 720 vindicationem,
1404 658 1449 710 sed
1463 675 1495 710 un
1515 659 1645 728 seqnitete
1662 657 1854 710 condictionem
1876 661 1892 711 i.
1912 677 1932 712 e.
1952 683 1980 713 ι-

284 767 467 837 competierit.
482 769 520 819 w,
538 767 607 835 quod
627 773 777 836 pompm·
796 763 936 833 auqmdo
950 763 1104 816 “finem
1160 740 1486 838 ιιίιιιιιιιιιι.μιιιιιιιιιιιιι,ι
1506 743 1574 794 idem
1594 754 1678 840 temen
1705 762 1756 796 non
1777 745 1978 814 intellegendum

285 848 472 910 exceptionem
485 863 561 916 posse
574 848 711 918 appeliuri.
723 848 860 914 Exceptio
876 845 947 898 enim
957 842 1035 911 jizclt'
1047 851 1107 892 tuem
1159 819 1191 916 df
1210 836 1246 872 “¹
1268 824 1443 919 ''miffflme
1462 836 1550 922 ΜΨ
1571 837 1680 879 'mlum
1698 826 1805 926 Mhi·
1821 829 1843 880 ¹⁴
1863 847 1904 882 Μ
1923 849 1978 883 ¹⁰¹·

292 929 466 998 monianum
481 931 584 984 compa,
598 935 685 1002 mque
698 946 730 984 u
744 931 799 994 his,
814 947 880 1000 qm
891 929 1015 980 hamum
1028 924 1085 977 Μ
1099 959 1108 987 s
1159 913 1212 956 ceto
1223 907 1306 1004 abiete
1319 908 1405 1004 erdem
1423 911 1569 1006 obscurret.
1580 911 1646 1007 Nem
1658 913 1727 1006 ‹puod
1741 927 1833 966 reerno
1845 931 1896 1010 neu
1909 931 1980 967 con.

287 1016 419 1068 sotionem
434 1031 486 1066 non
501 1015 667 1086 competiisse
684 1017 718 1068 ob
737 1015 868 1084 impensus
888 1011 965 1064 utiles
979 1011 1053 1061 edito
1066 1011 1106 1076 ju·
1160 998 1232 1086 ΡΨ
1251 1006 1289 1042 “¹
1309 991 1475 1092 ”miminis
1494 994 1539 1047 ³²⁴¹
1559 994 1802 1092 ⁰⁰¹¹‘i'0110s'i1t20
1826 1008 1897 1094 'nim
1910 1011 1977 1058 “lt

285 1095 345 1150 dice
368 1099 494 1168 petendu
530 1097 610 1165 Cujus
628 1101 812 1168 rnrrsequentis
831 1107 886 1160 est,
908 1105 935 1147 ut
955 1093 1104 1161 intelligen·
1157 1091 1217 1140 l¹¹¹⁸
1237 1088 1376 1130 *wrote
1396 1077 1456 1128 neu
1475 1079 1553 1142 dens.
1567 1090 1702 1132 nocerent
1720 1097 1748 1178 ep
1762 1079 1979 1168 ‹lemenutrene-

283 1181 364 1242 dum,
378 1180 524 1234 remedium
544 1183 653 1236 ertionis
668 1185 758 1234 rislum
771 1181 881 1234 utilibus
901 1179 1038 1250 impensis.
1052 1177 1103 1230 Sed
1158 1157 1276 1212 “mida
1293 1162 1429 1216 Ab‘ueinfi
1444 1182 1505 1218 ῬΝ
1518 1164 1664 1217 d⁰¹¹¹¹¹¹¹⁰¹¹¹
1684 1165 1714 1216 ⁸¹¹
1735 1163 1801 1217 'und
1817 1183 1978 1239 mim·

282 1265 458 1330 qouerenduns
476 1265 543 1331 jem,
564 1283 626 1316 ιιιιιιι
647 1266 763 1318 remedio
783 1283 848 1318 nneo
866 1265 968 1315 notione
987 1257 1102 1314 menduti

283 1359 330 1399 eut
348 1349 474 1415 negotior.
487 1357 618 1415 gesturum
633 1351 762 1401 subletum
783 1350 814 1400 sit
834 1350 993 1419 pristinum,
1008 1347 1105 1398 tinen·

283 1427 345 1480 te'o?
362 1431 402 1481 lte
420 1432 524 1483 ridetur
543 1433 685 1484 dirersdum
704 1433 738 1484 ob
758 1431 854 1483 serbe:
873 1431 946 1482 ectio
964 1447 1000 1481 ee
1018 1430 1104 1493 stipu-

286 1517 346 1566 lotu
362 1512 509 1566 secundnm
521 1534 601 1570 ereum
621 1528 749 1570 notorum
771 1535 827 1567 non
848 1516 965 1584 occipiat
976 1511 1103 1565 retentio·

283 1615 354 1650 nem.
373 1600 445 1650 Actio
465 1617 524 1652 sero
548 1617 578 1652 ex
599 1601 661 1652 dote
677 1611 715 1652 est
736 1603 805 1653 sotio
822 1617 859 1652 ex
879 1601 1022 1671 stipulatu,
1042 1597 1103 1665 quis

286 1683 430 1751 imperator
448 1683 474 1733 in
491 1683 608 1755 ejrredem
630 1685 694 1755 legis
706 1685 729 1750 §.
742 1687 767 1736 il.
787 1687 887 1744 suncit,
902 1697 927 1738 ut
947 1683 1085 1752 slipnletio
1093 1719 1102 1746 ,

282 1765 306 1817 si
319 1781 371 1819 non
385 1766 570 1832 interceperit,
587 1767 760 1820 intervenisse
774 1769 891 1821 brbendu
906 1769 948 1820 sit.
963 1766 1100 1819 Caeterum

281 1849 548 1920 hocjnteliipendum
568 1853 620 1904 erit
640 1853 671 1906 de
690 1855 828 1906 retinendo
850 1853 930 1906 fundo
950 1851 1044 1915 cinisii,
1059 1861 1101 1902 eut

279 1934 332 1987 elio
349 1951 466 2006 corpore.
488 1937 568 2002 ipitur
587 1937 608 1988 si
630 1937 740 1989 meritus
763 1937 856 1991 decerit
882 1953 1008 2006 expenses
1028 1937 1102 1988 utiles

281 2017 311 2068 in
331 2035 385 2070 rem
406 2021 536 2080 derdere,
552 2021 683 2090 siquidem
704 2022 812 2090 preinde
832 2021 916 2084 edsit,
931 2020 1048 2072 eumdem
1062 2037 1103 2072 ren

281 2101 369 2152 tinere
387 2111 471 2170 potest
485 2120 531 2170 pro
550 2103 675 2172 expensis
694 2103 804 2156 utilibus
819 2102 902 2157 brutis.
914 2104 947 2154 iit
962 2104 982 2154 si
997 2103 1024 2152 id
1044 2103 1099 2172 peti

279 2196 379 2236 recuset
394 2201 473 2249 uxor,
487 2189 624 2256 repellitur
635 2188 787 2256 exceptione
799 2187 861 2239 doli.
875 2187 932 2240 Non
944 2187 1016 2238 enim
1029 2203 1102 2240 oom-

281 2270 530 2334 perseuerarent.
545 2273 616 2324 renr'c.
637 2272 782 2340 imperator
794 2271 939 2324 censendus
954 2271 1100 2340 ebrogssse.

284 2349 336 2402 Sed
358 2351 474 2419 objicis,
493 2353 515 2406 ei
536 2355 605 2406 ertio
623 2353 693 2406 dotis
713 2355 885 2409 retentionem
904 2373 957 2409 noo
978 2375 1009 2426 pn
1025 2358 1101 2422 itur,

280 2452 401 2508 sequetur
406 2479 415 2508 ,
428 2446 499 2513 quod
513 2454 537 2497 et
552 2446 682 2512 retentio,
695 2463 760 2516 quie
777 2449 811 2501 ob
831 2448 966 2518 impensae
984 2465 1100 2502 necesse-

280 2523 335 2574 ciee
360 2527 544 2596 competebat,
569 2530 661 2582 eodcen
679 2534 736 2599 juro
762 2542 855 2586 cesset.
875 2533 941 2584 Nem
962 2544 986 2586 et
1002 2533 1037 2585 ob
1052 2535 1101 2587 bes

270 2608 391 2660 ¹retentio
404 2609 474 2666 dotis
488 2612 584 2665 ectioni
603 2613 697 2668 obstet.
715 2617 840 2681 respond.
863 2615 1055 2685 imperatorem
1075 2617 1101 2672 d.

279 2690 296 2740 l.
308 2693 383 2743 unic.
399 2710 450 2745 non
469 2713 545 2764 egere
564 2697 595 2748 de
608 2713 770 2765 quecumque
782 2697 945 2762 retentione,
958 2715 1024 2768 quse
1035 2697 1102 2754 ⁴sorte

279 2789 312 2824 er
330 2776 440 2844 quedem
461 2779 639 2832 elmilitudine
659 2779 758 2834 indolis
767 2797 846 2834 eecce
864 2783 1023 2834 retentionie
1043 2783 1101 2835 telis

279 2857 405 2920 bsbeturc
416 2862 461 2913 sed
475 2863 508 2914 de
527 2864 675 2916 retentione
686 2901 694 2928 ,
704 2881 769 2933 quiue
787 2881 839 2916 non
853 2883 884 2917 es
899 2867 1019 2918 domimo
1030 2883 1100 2919 cour-

279 2944 377 3010 petentl
397 2943 475 3006 flrsit,
489 2961 572 3015 neque
590 2961 622 2998 es
640 2949 698 3014 jure
716 2948 843 3017 pignoris.
864 2949 981 3000 Duorum
1000 2953 1100 3019 quippe

279 3040 431 3093 magnorum
452 3028 549 3094 isicium
572 3029 803 3083 meximieiiectus
820 3031 1033 3092 ereetteerentur,
1054 3049 1100 3084 uec

280 3108 303 3160 ti
318 3109 426 3178 pecunie
445 3111 473 3161 in
491 3113 569 3176 dote,
582 3113 671 3165 eedem
684 3114 879 3184 compensando
898 3124 983 3182 posset
1002 3115 1099 3166 retine·

279 3194 320 3253 ri,
334 3209 351 3260 q
365 3193 402 3244 ol
421 3191 456 3244 ob
475 3193 643 3265 iniquitatem
657 3213 730 3250 suern
746 3197 856 3250 minime
869 3199 985 3266 gentium
1005 3199 1037 3249 de
1052 3201 1099 3249 im-

1157 1241 1219 1294 dum
1240 1261 1292 1295 ιιοιι
1311 1245 1540 1316 decore-egressus.
1557 1249 1665 1300 Dieersr
1686 1249 1768 1313 estio,
1784 1249 1805 1300 si
1827 1249 1977 1307 dominium

1157 1326 1271 1378 abietum
1295 1328 1392 1382 inrito.
1412 1331 1541 1383 ttomtnus
1559 1341 1598 1384 etl
1619 1333 1730 1384 meritus
1741 1369 1751 1396 ,
1776 1336 1976 1404 qtsemprimttn

1156 1411 1299 1463 necessarie
1313 1414 1433 1484 impenes
1448 1416 1529 1478 [ιιτιις
1542 1425 1567 1472 el
1582 1417 1666 1470 inrito
1678 1418 1729 1485 ipsi
1743 1416 1891 1472 dominium
1905 1421 1977 1474 eble-

1158 1501 1211 1545 Ιιιιιι
1233 1512 1422 1568 prsesuppooo.
1435 1501 1549 1553 Obstere
1567 1501 1672 1570 «pidem
1692 1504 1814 1568 ridetur,
1832 1507 1900 1574 quod
1919 1509 1979 1575 jure

1155 1579 1292 1634 ordinscio
1310 1585 1378 1636 ectio
1396 1601 1447 1635 nnn
1467 1586 1522 1638 den
1541 1585 1637 1650 r'uerit,
1657 1587 1679 1638 si
1699 1603 1786 1640 errore
1804 1585 1865 1642 lecti
1885 1587 1976 1644 dotem

1156 1661 1183 1714 in
1202 1679 1308 1718 uxorem
1328 1668 1512 1730 transtulerit,
1532 1671 1576 1722 sed
1596 1671 1627 1722 cd
1654 1675 1811 1742 eepritetem
1827 1711 1835 1738 ,
1854 1675 1874 1726 i.
1891 1693 1915 1730 e.
1933 1677 1977 1742 jus

1156 1751 1387 1804 extruurdinerimn
1399 1755 1583 1807 recurrendum
1597 1755 1792 1811 hericiorum
1804 1761 1846 1828 jus
1855 1771 1976 1816 entrece-

1154 1832 1287 1885 dineriurn
1309 1853 1359 1888 nun
1378 1849 1418 1890 est
1437 1839 1648 1892 extendendum.
1667 1840 1776 1894 Cutsstel
1794 1859 1827 1896 ex
1847 1843 1872 1898 d.
1890 1845 1908 1896 i.
1928 1845 1975 1899 iifl.

1155 1919 1175 1973 §.
1196 1916 1221 1966 3.
1240 1917 1309 1984 quod
1328 1919 1437 1972 meritus
1455 1920 1579 1974 dominus
1597 1922 1682 1976 iectus
1703 1924 1782 1978 inerit
1798 1927 1974 1998 expendendo

1153 2011 1272 2070 sumptus
1290 2006 1462 2058 secesserios.
1479 2006 1594 2060 llomino
1614 2008 1690 2060 detur
1708 2009 1744 2061 rei
1759 2009 1917 2078 vindicatio,
1929 2029 1976 2066 res

1154 2083 1251 2135 tssudiu
1270 2087 1439 2156 relinquends
1458 2087 1525 2142 iuret
1539 2107 1619 2160 penes
1637 2093 1734 2158 elium,
1748 2094 1831 2148 donee
1843 2113 1977 2167 expensae

1155 2167 1289 2234 redditae,
1307 2172 1367 2240 quin
1387 2185 1447 2226 tuno
1464 2172 1568 2226 demum
1589 2176 1711 2229 dotuiites
1731 2177 1820 2244 redit,
1845 2182 1884 2234 uti
1903 2195 1976 2254 petet

1153 2265 1185 2301 ex
1201 2249 1260 2319 fin.
1279 2254 1302 2318 §.
1321 2255 1346 2304 ³.
1366 2255 1391 2306 d.
1410 2256 1428 2307 i.
1447 2257 1489 2308 tte.
1509 2260 1584 2330 Quod
1605 2269 1718 2316 stetmre
1735 2263 1903 2337 susurnam)
1924 2269 1975 2322 se-

1155 2331 1209 2383 lent
1228 2350 1356 2404 pereni-eu
1375 2338 1486 2394 teutone
1505 2346 1650 2396 sententiee
1664 2359 1781 2409 nostrec,
1795 2351 1974 2406 recensionem

1155 2416 1189 2467 od
1208 2418 1344 2484 impensos
1370 2428 1536 2479 necessarior
1559 2441 1606 2498 per
1624 2429 1649 2480 d.
1668 2429 1686 2481 Ι.
1705 2433 1814 2486 unirent
1828 2436 1853 2490 i·
1872 2435 1896 2488 ὅ.
1915 2454 1974 2491 troes

1153 2497 1276 2566 desiisse,
1293 2506 1404 2573 ellegere
1417 2507 1442 2560 d.
1457 2511 1477 2575 ς
1493 2509 1536 2564 ct.
1548 2511 1568 2563 i.
1582 2511 1615 2566 de
1634 2513 1788 2570 notionibus
1805 2536 1857 2587 qtso
1875 2523 1972 2574 esseti-

1155 2591 1211 2645 tur,
1223 2599 1370 2656 competere
1387 2593 1558 2646 retentionem
1570 2595 1605 2646 ob
1618 2596 1822 2652 diminutionem
1835 2601 1906 2654 dotis
1920 2605 1973 2655 irn-

1154 2669 1242 2734 prusie
1260 2673 1415 2727 occesseriis
1432 2673 1537 2728 ieclem.
1554 2677 1662 2730 Dictum
1680 2697 1739 2736 rete
1757 2681 1780 2754 5.
1795 2685 1911 2756 disquis
1923 2687 1971 2740 ιἰι-

1152 2752 1304 2808 etitntioues
1322 2772 1391 2810 enno
1405 2773 1429 2810 c.
1441 2759 1501 2812 5³³.
1515 2761 1608 2814 Codes·
1626 2771 1712 2816 sutem
1726 2766 1911 2835 justinianeus
1922 2789 1971 2822 en-

1154 2854 1188 2892 no
1199 2838 1260 2888 net.
1272 2844 1464 2911 promulgetur,
1479 2861 1526 2914 pru
1543 2847 1600 2913 iure
1613 2849 1751 2916 posteriori
1770 2867 1827 2904 esse
1846 2848 1972 2922 reputen-

1153 2917 1214 2971 dum
1232 2923 1303 2975 dicto
1321 2925 1338 2978 i.
1358 2929 1430 2980 unic.
1446 2935 1542 2980 teron
1557 2930 1702 2984 insolidum
1721 2933 1770 2986 ltco
1787 2936 1876 3004 jodiou
1894 2953 1971 3007 ergu-

1152 3013 1281 3058 mentum.
1298 3006 1366 3060 Nem
1385 3009 1466 3062 codex
1478 3014 1668 3084 justinr'ooeue
1687 3019 1831 3072 distinctus
1848 3041 1861 3073 ι
1880 3022 1973 3078 codice

1151 3089 1278 3156 repetitor
1294 3091 1416 3162 praeiere.
1429 3096 1534 3166 deroget
1544 3099 1684 3166 pandectis
1694 3113 1722 3154 et
1739 3103 1865 3159 institutis
1876 3109 1971 3176 pende

1152 3181 1252 3226 uterino
1266 3178 1390 3244 epitome,
1399 3178 1458 3234 ticet
1469 3181 1657 3250 compiletione
1669 3185 1749 3258 prior.
1762 3189 1810 3240 lue
1822 3191 1894 3242 cuins
1905 3209 1971 3262 pen-

281 3273 410 3342 peretoris
437 3273 482 3326 iiie
500 3295 564 3332 nore
583 3279 771 3335 constitutione
794 3281 1034 3352 peresumendnme
1054 3299 1100 3335 cnr
1149 3257 1284 3311 mmm
1303 3260 1378 3327 μὴ’·
1396 3261 1507 3325 ‘mm’
1526 3263 1649 3334 P‘i'ss'iu‘
1666 3270 1832 3324 ⁰b⁵⁶fi¹²¹¹m
1852 3275 1907 3341 im
1925 3293 1969 3328 ω·

280 3355 352 3408 onim
372 3354 533 3411 inhibuisset
553 3362 660 3415 retineri
681 3365 816 3432 pecuniem
832 3399 839 3424 ,
857 3363 890 3414 ed
913 3383 989 3432 quem
1012 3377 1101 3434 peteo·

280 3440 341 3495 dem
355 3455 417 3493 mox
427 3453 585 3496 concesseret
604 3446 730 3499 ectioues.
745 3447 868 3514 Ejusdem
886 3448 1048 3502 onrsditionie
1062 3459 1103 3502 eet

280 3523 396 3578 retentio
413 3536 566 3594 competens
579 3529 614 3582 ob
629 3529 761 3600 impensae
775 3534 948 3596 necesuries,
961 3550 1098 3602 quaecum

281 3607 368 3661 ιΙιιιιιιι
389 3608 445 3679 ipso
460 3612 520 3677 jure
537 3611 672 3676 minuunt,
688 3611 807 3670 tribuunt
826 3617 922 3668 merito
940 3615 1102 3676 dominium.

280 3691 359 3744 Unde
371 3699 393 3754 ς.
405 3693 448 3744 ³¹1.
451 3693 479 3765 j.
496 3695 532 3748 de
548 3695 703 3751 notionibus
719 3697 802 3766 puori
818 3698 847 3748 in
867 3699 1014 3752 retentione
1035 3701 1105 3754 dici·

231 3805 233 3808 -
281 3783 326 3828 tur
343 3791 401 3828 cese
410 3777 540 3842 meritos,
558 3779 593 3831 ob
607 3779 744 3850 impensus
763 3785 944 3849 necesmies,
963 3785 1025 3854 qtsis
1045 3803 1102 3840 ees·

281 3857 341 3912 dem
362 3861 452 3916 dotem
471 3862 531 3932 ipso
550 3867 609 3927 jure
626 3866 757 3918 minuunt.
778 3865 832 3920 Gur
851 3867 1003 3936 diceretur,
1022 3875 1104 3944 prensi

282 3944 310 3994 in
330 3947 474 3997 retentione
499 3961 577 4009 esse,
603 3947 625 3999 ei
645 3951 687 4015 jus
707 3949 793 4002 corriti
811 3965 844 4002 ee
865 3953 995 4022 impeneis
1014 3971 1101 4010 nems-

281 4027 360 4077 seriis
379 4027 491 4079 retentio
509 4046 566 4082 cern
586 4041 663 4082 esset.
685 4031 793 4084 Dicitur
809 4043 897 4085 eutem
918 4037 1000 4102 puori
1010 4051 1100 4091 reten-

285 4110 336 4182 tio,
348 4109 408 4177 quin
421 4125 453 4160 es
465 4112 521 4178 jure
539 4113 651 4165 dominii
665 4129 697 4166 ex
712 4127 784 4183 perte
798 4115 863 4166 iilud
881 4122 1018 4182 esuritur,
1032 4124 1102 4190 quod

285 4203 322 4250 ¹est
339 4192 495 4244 retentionis
514 4193 622 4248 effectus
640 4212 675 4246 sc.
696 4195 821 4260 retentio,
836 4197 919 4250 donec
938 4197 1045 4254 setteiirt
1057 4241 1064 4264 ,
1078 4212 1103 4255 et

283 4277 344 4344 quin
362 4275 461 4344 nliipuid
479 4277 595 4346 emplius
613 4290 653 4332 cet
672 4279 699 4331 in
717 4282 775 4348 jure
795 4281 882 4334 meriti
902 4282 1048 4336 detinentis
1067 4286 1103 4340 ob

282 4361 418 4430 impensus
432 4361 610 4428 -oecesseriee,
623 4378 659 4414 eo.
672 4363 806 4416 condictio
813 4403 822 4430 ,
842 4365 864 4417 si
883 4380 917 4420 ex
935 4383 1024 4420 errore
1043 4365 1101 4425 iacti

282 4461 341 4500 ,ιι-ιι
361 4460 427 4512 ques
446 4445 556 4498 reticeri
574 4457 689 4516 poteret,
703 4447 908 4511 restitueri1,et
927 4451 965 4502 rei
985 4451 1101 4504 vindice·

282 4533 343 4593 tio,
356 4531 379 4582 si
398 4527 467 4582 iorte
479 4529 568 4582 eedem
589 4532 640 4600 ipsi
653 4531 744 4583 abieti.
758 4535 767 4597 (
780 4529 850 4584 Licet
864 4531 935 4584 eninr
948 4532 977 4584 in
997 4549 1104 4602 preecc-

286 4614 409 4668 dentibus
423 4613 555 4681 dixerim,
570 4617 694 4668 moritum
710 4617 731 4667 ei
752 4631 842 4668 errore
849 4615 928 4685 socte'
938 4617 1018 4686 >telis
1030 4620 1101 4670 enirn

282 4713 362 4750 ,error
376 4697 402 4748 d.
413 4697 433 4748 l.
445 4696 469 4748 ll.
484 4695 545 4758 §.2
564 4697 598 4750 de
616 4699 679 4765 imp.
692 4696 747 4750 dot.
766 4701 1032 4770 praesupponendue,
1051 4717 1103 4756 non

283 4799 360 4836 error
370 4782 455 4852 tems,
467 4781 528 4852 quie
542 4781 577 4834 ob
595 4783 753 4852 nequitatem
770 4786 843 4840 detur
853 4784 994 4837 eussdtctto.
1006 4789 1032 4840 cl.
1045 4797 1065 4851 ς.
1078 4788 1103 4840 2.

289 4867 414 4936 dequites
431 4877 516 4920 autern
536 4867 606 4918 nulls
622 4901 629 4930 ,
648 4874 677 4918 ut
689 4867 788 4920 errenti
808 4870 835 4919 in
853 4871 913 4937 jure
930 4881 1103 4924 succurretur.

288 4949 417 5002 instituto
437 4949 510 5001 enirn
532 4949 638 5002 nomm
663 4948 776 5018 plebeiis
794 4951 887 5014 linuit,
906 4965 938 5002 ex
964 4952 1104 5020 petriciis,

285 5050 363 5102 quem
389 5032 440 5086 eibi
461 5033 578 5095 velient,
598 5043 738 5102 petrooorn
756 5035 862 5103 eligere.
882 5036 917 5086 Βῆ
937 5037 1103 5105 postmodum

1154 3341 1224 3394 dicis
1240 3343 1401 3410 justiuienci.
1416 3345 1446 3397 ln
1468 3347 1607 3416 psndectss
1627 3351 1736 3404 iuterim
1754 3357 1795 3424 jue
1813 3366 1886 3410 retus
1906 3362 1970 3412 rele-

1156 3437 1232 3492 tum,
1251 3437 1278 3478 et
1295 3427 1318 3480 si
1337 3427 1386 3482 bno
1404 3432 1581 3485 oootruriurou
1594 3435 1719 3487 lstluirni
1739 3442 1970 3497 constitutionibus

1154 3511 1242 3564 codice
1262 3511 1348 3581 primo
1362 3516 1509 3577 contentis,
1521 3519 1689 3570 ostentendse
1704 3522 1819 3591 posteris
1837 3541 1971 3579 conserer-

1155 3605 1196 3649 ιιι
1208 3617 1222 3650 e
1232 3597 1399 3662 lustioienc,
1412 3599 1591 3670 entiquitetis,
1608 3604 1681 3670 cuiue
1700 3617 1824 3677 perpetuo
1838 3611 1970 3665 studiosus

1156 3682 1220 3733 setis
1237 3690 1362 3751 apparet,
1382 3681 1481 3736 ibidem
1499 3695 1639 3754 prostent,
1659 3705 1710 3740 non
1727 3688 1904 3760 derogettmte
1924 3695 1967 3748 ln·

1157 3765 1283 3818 tenlione.
1296 3765 1471 3837 Gompiietum
1487 3768 1558 3822 enirn
1577 3771 1619 3839 jes
1638 3782 1727 3826 coenet
1745 3773 1772 3826 in
1791 3793 1822 3828 eo
1840 3787 1923 3844 stetu,
1940 3779 1969 3832 io

1154 3866 1208 3916 qno
1223 3848 1308 3902 iuerat
1325 3861 1387 3904 ente
1404 3853 1629 3922 compilationem.
1650 3858 1766 3912 Intentio
1781 3862 1853 3913 enirn
1871 3867 1971 3934 corispi-

1156 3938 1282 4002 letionis,
1310 3954 1363 3990 non
1383 3939 1492 3992 ineoieit
1512 3939 1686 3995 intentionem
1706 3961 1787 3999 noers
1806 3950 1970 4004 sunctlunie.

1158 4019 1227 4071 tneo
1241 4031 1269 4073 ut
1288 4020 1310 4073 si
1328 4025 1432 4088 corpori
1452 4023 1496 4073 uni
1516 4023 1556 4089 jus
1568 4027 1717 4095 sbrogetum
1733 4027 1875 4092 inseretur,
1893 4034 1968 4086 elteri

1156 4118 1216 4156 erro
1230 4105 1334 4174 corpori
1347 4108 1388 4173 jue
1401 4107 1468 4173 qnod
1488 4109 1667 4176 elurogsrerut,
1683 4111 1731 4164 boc
1748 4111 1833 4181 priori
1846 4113 1971 4170 deciden-

1155 4189 1188 4240 do
1205 4189 1419 4244 anteferendum:
1430 4191 1529 4247 Gaudet
1549 4192 1637 4264 itenere
1656 4196 1767 4248 enutritus
1780 4197 1856 4253 etiem
1876 4213 1934 4270 post
1943 4205 1971 4258 d.

1155 4276 1173 4325 l.
1192 4277 1309 4327 unicum.
1328 4277 1481 4331 retentione.
1501 4275 1552 4329 Sed
1573 4285 1634 4330 tuno
1653 4279 1794 4346 retinebit,
1815 4281 1837 4333 si
1859 4285 1925 4338 nolit
1943 4306 1970 4339 e-

1155 4359 1243 4412 otioue
1260 4371 1345 4428 negot.
1363 4371 1484 4430 gestent
1502 4363 1606 4416 notione
1624 4363 1740 4416 mettdeti
1760 4373 1847 4435 petere
1866 4369 1974 4422 seticis·

1154 4447 1279 4496 ctionem.
1293 4443 1359 4496 Nero
1376 4444 1422 4496 bus
1434 4447 1566 4510 cotiones,
1586 4447 1651 4500 licet
1669 4447 1809 4519 imperator
1822 4451 1846 4502 d.
1860 4451 1878 4503 1.
1897 4457 1971 4510 unic.

1156 4531 1178 4596 §.
1197 4529 1223 4580 b.
1240 4528 1345 4582 dederit
1361 4531 1396 4580 ob
1415 4530 1546 4600 impensus
1565 4529 1664 4596 utiles,
1683 4529 1805 4586 identitas
1829 4537 1971 4604 sequitutis

1155 4632 1255 4686 qiroqne
1268 4615 1350 4686 ipsum
1363 4615 1556 4668 ecrorsnsodere
1575 4615 1670 4668 merito
1688 4617 1848 4671 occesseries
1860 4618 1943 4674 facien
1949 4625 1968 4676 ti

1155 4702 1285 4754 admonet.
1303 4701 1380 4770 Quod
1398 4701 1420 4752 si
1440 4700 1517 4753 elicui
1536 4700 1674 4770 displicet,
1698 4701 1752 4752 elie
1770 4717 1803 4754 es
1820 4719 1896 4756 ιιιιιιιι
1917 4707 1969 4778 ipei
2029 4698 2033 4704 ’

1153 4787 1277 4838 obvenire
1296 4793 1379 4852 potest
1396 4785 1437 4851 jus
1455 4783 1560 4854 petendi
1580 4781 1786 4837 eertdiettouem
1800 4803 1848 4856 pro
1864 4789 1972 4862 impen.

1155 4875 1209 4934 sis,
1228 4868 1349 4922 conscius
1367 4867 1428 4918 licet
1445 4868 1512 4934 juris
1536 4867 1671 4918 retinendi
1697 4867 1786 4921 dotem
1805 4873 1970 4939 restituente

1154 4953 1218 5023 quid
1236 4953 1259 5004 ei
1279 4953 1350 5002 enim
1370 4949 1509 5018 stipuletur
1527 4947 1610 5001 inerit
1627 4948 1660 5002 de
1677 4950 1835 5020 recipiends
1850 4954 1971 5023 impense

1155 5055 1213 5090 cum
1233 5039 1319 5088 dotem
1338 5035 1500 5087 restituerite
1519 5035 1581 5086 iicet
1592 5035 1660 5086 ectio
1675 5035 1788 5088 insudeti
1803 5051 1845 5090 eut
1863 5057 1919 5108 neg.
1931 5057 1974 5109 ge-

285 5119 344 5169 illis
363 5116 396 5169 de
406 5117 463 5183 jure
473 5114 683 5186 respondebunt,
696 5135 784 5172 curem
797 5121 949 5172 eorumdem
963 5122 1104 5188 gerebant,
1156 5136 1219 5177 stoe.
1232 5123 1283 5192 ipsi
1299 5124 1457 5188 denegetur,
1468 5135 1501 5170 es
1515 5120 1639 5187 stipulatu
1653 5127 1739 5172 temen
1754 5123 1823 5186 ectio
1835 5123 1887 5192 ipsi
1901 5143 1974 5178 eom-

289 5219 323 5254 ne
347 5221 360 5252 e
381 5202 575 5270 potentioribus
597 5204 833 5274 opprimerentur,
856 5205 1037 5273 judiciumque
1056 5220 1105 5274 pro
1158 5209 1279 5278 petitura.
1299 5204 1328 5258 ld
1347 5215 1405 5267 est,
1424 5219 1478 5257 non
1497 5201 1615 5256 ieoiendo
1634 5204 1768 5284 impensus
1783 5241 1790 5268 ,
1808 5207 1974 5261 nanciscetur

290 5285 358 5354 ipsis
376 5285 566 5354 suscipiebant.
584 5287 642 5340 lion
659 5288 723 5354 jue,
742 5287 842 5341 eseuts
863 5287 960 5340 deinde
978 5286 1105 5356 regibus,
1157 5291 1285 5345 actionem
1304 5289 1350 5340 sed
1370 5287 1527 5357 stipulando.
1545 5285 1576 5339 Et
1595 5289 1681 5342 teliter
1701 5287 1885 5343 nutriendum
1912 5293 1971 5345 sine

291 5378 421 5420 retentum
439 5381 595 5438 rpperelerc
606 5369 702 5424 Plauti
719 5373 837 5428 uersidue
853 5372 1105 5426 indieooeoerooi·
1157 5377 1238 5428 dubio
1256 5377 1296 5441 jus
1316 5371 1493 5436 retentionis,
1512 5381 1664 5442 competens
1688 5372 1714 5423 b.
1740 5371 1759 5424 i.
1778 5376 1921 5441 possessori
1942 5379 1971 5428 in

294 5451 356 5502 tetis
375 5468 389 5503 ι
408 5451 543 5514 Brentesio
567 5454 606 5510 od
627 5455 656 5510 ll,
678 5456 720 5506 12.
746 5457 802 5510 tal.
820 5473 843 5508 c.
863 5456 888 5507 i.
910 5455 1015 5510 Pleutns
1032 5457 1105 5510 enirn
1159 5475 1214 5511 rero
1232 5454 1577 5524 elieroirnpendenti.1lem
1597 5455 1971 5510 licetnonbsbeetectiouem

292 5535 325 5585 eb
351 5551 377 5584 u.
396 5549 417 5584 c.
443 5551 469 5585 u.
489 5533 551 5586 titt.
576 5537 660 5590 lertur
678 5539 794 5602 risisse,
818 5539 887 5610 quod
907 5557 994 5593 ιιιιιιιι
1017 5543 1108 5593 multis
1159 5545 1191 5595 nd
1211 5543 1361 5612 impensos,
1380 5541 1402 5592 si
1423 5541 1568 5594 restituerit
1586 5557 1656 5600 rem,
1672 5540 1789 5609 iuquam
1810 5551 1909 5595 tentum
1924 5545 1970 5596 be·

195 5639 235 5686 s
292 5617 387 5680 seculis
407 5616 511 5684 regibus
529 5621 628 5674 exertis
645 5625 776 5693 posterius
794 5635 842 5678 est.
860 5626 934 5680 Unde
953 5642 1002 5678 nuu
1022 5637 1103 5697 putro-
1162 5627 1233 5682 tsebet
1252 5629 1293 5696 jus
1307 5623 1482 5689 retentionis,
1495 5642 1547 5680 nou
1564 5624 1695 5690 oetrbuir,
1711 5630 1878 5695 protestrndo
1892 5629 1972 5684 iorrns
