4446 6220
238 264 292 321 m
772 254 820 308 DE
838 255 978 312 olmeto
999 257 1284 316 intectrtontnt
1764 266 1819 320 m

193 362 229 414 sit
245 403 253 428 ,
271 371 296 416 et
316 369 444 431 qnateaas
461 353 507 408 itta
519 351 634 408 brutius
646 368 700 408 noa
712 350 796 418 magis
807 352 1007 418 obscuritatem,

188 439 263 514 quarn
284 443 435 502 iscllltstetn
455 437 591 491 induceret
611 437 639 490 iu
660 437 783 490 docende
807 449 832 490 et
858 434 1008 490 diruendo.

135 517 169 568 Ἡ
191 526 359 582 διηοΙιίιιδίι
377 525 404 578 δ.
418 535 452 574 te.
463 536 572 590 propos.
590 519 616 572 4.
635 520 690 588 οΙιῘ.
717 521 743 572 3.
763 517 866 572 Nnnsne
884 536 944 574 seco
963 521 1005 571 ui·

189 614 273 664 suiuus
291 607 420 680 insuperis
437 605 625 674 permutatim·
643 604 823 674 impendetur,
844 605 866 655 si
886 605 942 672 ejus
962 619 1009 655 ex·

190 695 290 767 positio
307 693 351 748 sis
373 689 494 744 triennio
510 687 667 752 ubsolssttsm
689 685 767 754 idque
784 685 836 752 juri
855 697 945 738 nostro
960 686 1007 738 ad·

192 797 296 834 recsntn
315 777 368 842 sit,
392 791 445 828 non
470 777 524 842 jam
551 772 704 844 disputabo.
730 771 785 822 rid.
810 772 872 824 orci.
897 773 1008 824 conum

191 863 292 920 marcis.
304 862 343 915 tie.
354 875 413 913 oon
421 857 547 910 Seiuisn.
559 863 580 918 t.
590 855 692 909 ιιιιδδιι
705 853 755 907 wir
766 855 844 906 etrele.

139 939 175 990 Ἠ
226 945 294 998 Cnnt
309 953 336 998 et
354 941 491 996 subtilitas
510 939 593 1008 juris,
613 957 679 1007 quse
699 938 785 990 tendit
804 937 836 989 ad
865 935 1007 990 laesionem

191 1031 298 1084 alterius
316 1026 496 1098 improbetur:
515 1025 533 1076 i.
552 1023 578 1076 si
595 1012 655 1096 pits
668 1023 712 1073 ³6.
725 1018 760 1088 ff.
774 1022 808 1074 de
826 1039 849 1072 o·
872 1039 901 1072 o.
920 1020 965 1072 Sic
982 1027 1008 1072 et

192 1113 322 1166 subtilitss
340 1113 368 1164 itt
389 1109 513 1162 methodo
529 1119 553 1160 ct
570 1105 748 1176 explicatione
772 1115 908 1156 auctorum
927 1105 1007 1156 iusti·

192 1199 234 1260 lis,
252 1196 323 1249 Geli.
341 1204 414 1250 nost.
425 1205 470 1248 att.
485 1195 532 1247 tii.
547 1191 572 1243 4.
590 1207 612 1244 e.
634 1192 659 1240 1.
670 1191 716 1243 tit.
737 1193 762 1244 1.
776 1208 798 1244 c·
816 1191 843 1242 2.
858 1201 883 1243 et
898 1191 1007 1258 prolixi·

197 1292 253 1348 tas,
272 1297 338 1351 quae
352 1281 467 1332 maxime
479 1281 564 1331 oritnt·
578 1293 611 1328 es
623 1273 881 1338 ποὶυωρανυισυνι.
897 1276 919 1326 si
935 1291 1007 1344 pruc-

194 1378 285 1437 eeptos
303 1365 489 1426 scholasticus,
509 1361 652 1429 Virgilium
672 1359 864 1429 expositurus,
883 1375 913 1410 es
932 1377 962 1411 eo
982 1359 1009 1409 in

192 1451 318 1504 ulamstta
337 1449 443 1500 dictitat
461 1456 581 1515 excerpts
602 1445 695 1505 ethice,
715 1445 833 1512 politica,
856 1444 1009 1512 geographi·

193 1557 231 1601 ea,
252 1537 378 1589 historica
397 1544 446 1587 etc.
465 1533 510 1604 qui
532 1543 618 1584 tamen
637 1532 741 1600 poetice
761 1541 857 1580 tantunt
877 1540 941 1580 esset
959 1540 1008 1581 tta·

195 1621 313 1686 claudus,
332 1619 455 1688 fugienda
465 1654 474 1678 .,
492 1619 581 1670 Talem
602 1632 705 1684 ιιιιοφιε
724 1623 918 1682 praeceptorum
938 1611 1009 1662 limi·

194 1717 231 1758 tes
250 1706 289 1758 sci
308 1699 393 1756 ollieii
412 1713 437 1754 et
458 1699 525 1768 juria
544 1697 729 1752 transceudere
740 1706 794 1760 ,et
817 1693 924 1746 nonnisi
944 1711 1007 1745 con·

196 1789 278 1840 iussa
299 1787 353 1839 sttis
373 1785 503 1838 inculeare
521 1783 667 1842 scientisnt,
687 1781 716 1832 itt
739 1779 877 1850 propatulo
895 1789 955 1837 est.
974 1787 1011 1828 ιιι

196 1869 266 1922 eiius
285 1878 425 1938 praetereo
442 1866 558 1938 plagium
579 1863 727 1917 literarium
747 1881 760 1910 a
781 1859 874 1914 tslibua
908 1875 1010 1929 praeue-

196 1953 315 2024 ptoribns
333 1952 398 2006 hettd
417 1967 475 2006 taso
493 1945 788 2004 commissumluterim
809 1961 861 1996 non
880 1954 916 1996 est
930 1943 1010 2010 negli-

196 2037 307 2108 gendum
327 2053 415 2090 conum
430 2037 588 2102 institutum,
602 2035 646 2104 qui
658 2031 795 2085 ostendere
808 2027 887 2097 ,qaid
902 2027 1012 2096 quisque

195 2139 226 2174 es
245 2133 349 2174 auctore
366 2121 476 2174 tlsesicu
497 2121 524 2172 iu
550 2135 624 2171 usum
642 2133 716 2169 ιιιιιιιι
736 2123 883 2167 conuertere
907 2111 1011 2178 possit.

197 2209 369 2261 Herminianus
394 2205 596 2274 conscripsere:
623 2199 847 2272 peseclurissimus
876 2196 1013 2250 welserus

197 2301 260 2346 reci.
271 2305 397 2362 gymuss.
417 2288 523 2340 Berlin.
544 2297 713 2358 praeceptor.
727 2283 792 2336 olins
808 2297 883 2336 meus
895 2281 1013 2332 manime

199 2375 380 2430 vuumudas.
394 2374 490 2426 luban.
508 2369 668 2425 Wosrecius
678 2379 724 2421 ete.
749 2367 801 2419 Nec
817 2363 1012 2442 improbanda,

196 2477 263 2529 qttae
278 2459 422 2520 Weiaius‚
443 2459 472 2508 t'n
485 2455 547 2508 iden
561 2455 627 2506 boni
642 2452 845 2522 praeceptoris:
873 2450 1014 2520 proponit,

196 2546 300 2606 voleus,
318 2550 347 2595 ui
365 2549 522 2616 praeceptor
540 2555 617 2591 ιιιιιιιι
646 2539 783 2590 lectionem
808 2536 890 2590 seriis
919 2534 1011 2588 usilms

194 2624 511 2694 ac=·nrnnrndet,quippe
530 2621 599 2691 quod
619 2619 647 2670 iu
675 2619 772 2672 scholis
798 2617 914 2687 publicis
940 2617 1013 2682 iuge·

196 2711 302 2780 nicrum
321 2710 432 2762 satietis
450 2706 582 2778 exposcit·
600 2703 652 2759 sid.
673 2703 756 2759 doctr.
776 2704 879 2772 logt'ces
902 2717 931 2769 p·
951 2699 1013 2752 atti.

144 2899 179 2950 23
196 2813 299 2929 ”ygini
319 2891 380 2930 sero
397 2873 474 2928 verbs
493 2889 553 2926 cusu
571 2869 665 2925 effeetus
685 2871 738 2924 sint
764 2867 932 2940 accipienda:
949 2867 968 2919 i.
988 2872 1013 2920 1.

199 2969 218 3024 t.
233 2959 580 3034 2.ffquodqut‘epue1'ttr·
596 2959 613 3010 4.
626 2975 688 3024 pert.
708 2961 729 3018 ς.
743 2950 935 3025 2.]ῘῚιιεᾳιιίι
952 2969 1016 3010 cum

195 3065 243 3100 eo:
265 3049 355 3120 paucis
372 3063 475 3116 quoque
487 3041 606 3097 nificinm
628 3053 822 3112 praeceptorum
848 3041 950 3092 cutione
971 3059 1016 3094 su·

197 3133 325 3186 etoritaiis
342 3131 502 3200 diutpttnae
516 3127 734 3181 considerandum
749 3127 799 3178 ecit
815 3125 1015 3180 inmittatur

199 3218 270 3269 enim
285 3216 371 3272 nimie
393 3213 525 3283 iqieudm
545 3227 577 3263 ne
597 3209 748 3263 lomentum
763 3210 897 3284 nequitiae
908 3224 1014 3260 succen-

199 3301 271 3362 dere,
290 3313 366 3368 qnam
386 3295 534 3350 seret-itatis
553 3293 649 3346 scutica
665 3291 776 3356 diluere,
791 3289 930 3342 rideantur
943 3309 1015 3362 prue-

197 3395 330 3451 eeptoresz
348 3395 380 3432 ex
399 3379 596 3431 consecsuione
621 3378 694 3429 euim
724 3376 823 3445 sequsli
855 3378 1020 3448 contemptio·

199 3463 338 3532 dignitatis
354 3461 484 3515 nascitur.
502 3461 520 3511 l.
538 3459 748 3514 obseruandum.
781 3463 822 3511 itt.
842 3457 883 3531 [s.
906 3463 938 3514 de
961 3458 1015 3530 off.

197 3561 289 3617 prnee.
301 3545 480 3600 Necessarium
500 3559 560 3596 sero
579 3560 638 3596 esse
662 3545 832 3616 disciplinam
853 3546 880 3596 iu
894 3545 1013 3610 annulis,

197 3649 231 3684 ste
250 3633 278 3685 in
290 3648 385 3686 unum
401 3632 491 3682 deccat
516 3637 670 3700 praeceptor
676 3666 685 3693 ,
704 3645 798 3694 uento,
811 3629 863 3682 nisi
878 3627 1013 3682 abderite-

199 3735 246 3769 use
259 3717 351 3770 mentis
371 3723 459 3784 peetus
471 3712 564 3764 hebent
576 3747 584 3773 ‚
598 3707 702 3764 teletas
722 3710 786 3777 titt,
813 3727 870 3764 ιιιιιι
890 3713 1012 3767 retuetrrt

199 3803 298 3852 sulcant
312 3799 435 3870 discipuli
460 3797 538 3865 jussis
559 3806 776 3866 proeceptortsrn,
794 3796 1015 3864 quemadmodum

197 3883 328 3954 appetitus
345 3881 488 3936 sensitims
511 3889 593 3934 certus
606 3877 701 3932 retinui
718 3917 724 3932 .
748 3877 814 3930 tit.
827 3879 872 3930 du.
888 3877 1014 3952 Couring.

199 3967 302 4019 dissert.
310 3967 345 4020 de
356 3977 428 4020 recto
441 3963 606 4018 educatione·
615 3980 642 4035 p.
657 3965 700 4016 tt.
714 3964 800 4016 Arist.
813 3965 837 4016 7.
849 3963 927 4032 polsi.
940 3983 963 4019 e.
973 3967 1015 4018 iti.

198 4071 226 4122 p.
246 4071 281 4105 ιιι.
294 4052 319 4104 4.
331 4053 377 4104 itt.
393 4049 619 4122 Quemadmodum
637 4064 704 4103 sero·
721 4059 790 4102 reeta
810 4050 876 4102 ratio
888 4049 956 4101 nihii
973 4050 1015 4102 di-

200 4138 279 4203 etitat,
298 4138 350 4190 nisi
365 4137 610 4190 ineumlumsntnm
631 4135 785 4204 ¹appetitum
812 4133 850 4185 ita
874 4131 1015 4204 disciplina

202 4232 395 4296 praeceptorum
408 4223 484 4274 uniee
496 4219 633 4289 dirigende
648 4221 676 4270 in
694 4222 804 4272 salutent
815 4219 1031 4290 discipulorumt.

200 4317 227 4362 et
240 4310 335 4360 calores
351 4308 480 4375 insculies
498 4303 667 4371 coarctandi,
682 4322 715 4359 ne
732 4306 851 4375 cupidini
867 4307 953 4361 dediti
969 4309 1015 4361 tri·

200 4413 268 4454 netu
283 4396 396 4450 sentiret
412 4396 510 4450 exitum
529 4395 545 4447 l.
559 4395 584 4446 8.
598 4391 621 4464 5.
635 4393 660 4446 li.
678 4411 704 4448 e.
721 4394 754 4447 de
767 4393 828 4448 don.
851 4410 920 4466 puae
937 4393 1012 4448 iiber.

199 4483 228 4536 in
237 4491 330 4550 potest.
347 4489 418 4552 potr.
430 4495 462 4530 en
483 4479 554 4545 justa
566 4477 630 4530 illud
642 4477 736 4529 Osidii
744 4498 757 4529 z·

253 4604 479 4622 ......
522 4603 529 4617 .
560 4561 721 4634 iuvenilibus
738 4563 823 4615 anun

250 4649 405 4706 luxuriant
418 4647 507 4704 animi
521 4663 691 4720 corporaque
708 4645 765 4717 ipra
779 4643 877 4715 cipeur.

198 4737 246 4792 Est
258 4738 329 4789 euim
345 4737 487 4808 disciplina
502 4735 624 4804 magistre
638 4729 774 4800 religionis
784 4741 808 4783 et
821 4725 944 4800 pietatis,
959 4729 1013 4783 imo

199 4831 226 4875 et
238 4823 369 4876 virtutum.
386 4821 431 4875 ste
445 4813 802 4891 praecepiotrjurisdlctione
814 4813 964 4870 scholastica
978 4817 1013 4870 ita

203 4903 318 4971 iubente,
344 4903 513 4973 disciplinam
540 4901 721 4955 scholasticum
741 4915 862 4954 exercere
880 4898 975 4966 debet,
990 4911 1014 4956 et

203 4985 303 5038 nemini
318 4987 355 5038 sic
369 4984 429 5038 imit
443 4987 553 5052 injuriet
565 5023 572 5051 ‚
584 4995 611 5038 ci
623 4996 725 5039 tenetur
738 4983 769 5037 itt
780 4985 876 5038 delleta
894 4983 1010 5055 discipu·

200 5071 284 5122 iorum
298 5071 444 5140 inquirere:
457 5086 514 5140 arg.
526 5087 550 5123 c.
562 5089 609 5124 ιιιι.
627 5068 661 5122 Χ.
683 5080 712 5122 tsi
729 5072 820 5125 eccles.
844 5067 931 5138 denes:
956 5073 1014 5122 st'no

196 5155 300 5206 Aeuom.
314 5155 420 5222 expedit
434 5155 520 5218 euim,
532 5165 562 5207 ut
580 5165 682 5226 peeorta
709 5155 861 5210 nocentium
880 5161 940 5209 noia
959 5156 1014 5209 sint

199 5237 216 5286 l.
232 5239 266 5288 18
290 5235 381 5307 petff·
394 5236 521 5306 deinjtsr.

145 5320 180 5371 24
237 5321 385 5393 ΒιιιΙρΙίιιι
398 5339 458 5376 sero
470 5319 633 5377 selserbalis
651 5322 690 5374 sel
704 5321 849 5376 realisest.
869 5319 1011 5376 limbr-

198 5407 249 5460 lem
265 5423 366 5460 morum
380 5405 538 5461 inici-mutio
548 5420 575 5460 et
586 5407 713 5460 correctio
726 5405 917 5477 discipulorum
931 5407 1012 5480 perti·

199 5504 252 5558 net,
271 5507 303 5545 ex
322 5489 397 5544 bouis
410 5493 481 5545 enim
501 5489 617 5544 moribus
630 5491 719 5544 oritur
729 5493 873 5544 reverentia
893 5503 1011 5562 pstcouo·

201 5593 257 5628 rum
271 5575 290 5626 i.
307 5577 330 5626 1.
344 5594 366 5627 n.
380 5575 411 5628 de
423 5573 452 5628 iu
465 5575 516 5647 jus
528 5591 584 5627 nno.
597 5581 622 5628 ei
641 5575 698 5646 plus
712 5571 826 5630 delicere
838 5576 952 5642 dicitur,
966 5577 1010 5646 qtsi

199 5657 315 5714 motibus
337 5655 424 5716 deluit
440 5698 450 5730 „
473 5658 586 5733 latiique
611 5676 695 5714 utores
721 5664 780 5735 plus
802 5681 880 5736 quetis
906 5663 1014 5721 ditiiitte

143 5537 179 5590 dd

1059 361 1210 425 operentur.
1223 375 1281 428 urg.
1294 355 1311 410 1.
1323 357 1390 410 sct'ie
1402 361 1513 428 oporice.
1527 358 1570 410 it.
1580 357 1624 430 ff
1643 357 1677 413 tle
1687 369 1735 414 itti.
1748 369 1775 416 ei
1785 373 1870 419 eueni.

1060 437 1116 491 dot.
1130 456 1187 510 erg.
1203 443 1221 494 i.
1232 445 1437 513 siquemquom.
1451 443 1494 494 ³1.
1509 459 1531 494 e.
1542 441 1575 494 tie
1587 444 1668 507 episc.
1682 456 1707 498 et
1724 445 1786 500 cler·
1808 445 1873 499 Nul-

1060 522 1114 574 lurn
1126 525 1198 578 eninr
1213 529 1297 594 moins
1310 523 1421 596 reipubl.
1434 543 1527 578 ιιιιιιιιιι
1539 523 1629 578 offerri
1646 537 1744 596 potest,
1756 547 1834 597 quam
1850 529 1874 580 si

1060 607 1179 672 jttscnttss
1192 607 1418 663 bontsemdtatm
1432 610 1563 671 centibust
1577 609 1670 661 Cicero
1697 613 1752 664 111.
1776 611 1875 666 Dicin.

1061 687 1186 760 Gsnrinss.
1198 693 1300 747 dissert·
1311 694 1343 746 de
1355 704 1429 745 recta
1437 691 1468 746 in
1481 693 1581 759 optimo
1597 693 1695 758 reputt.
1710 694 1873 749 ediscatieue.

1061 773 1107 828 ste
1124 784 1196 829 intur
1206 793 1259 830 nott
1280 786 1381 830 iantntn
1394 777 1480 841 rebus,
1494 777 1539 829 sed
1553 788 1581 828 et
1593 777 1710 828 moribus
1734 779 1878 848 praeponi·

1060 865 1111 910 lttt'.
1128 857 1373 931 t.12.§3.ff.de
1398 859 1551 912 ndtnt'nt'str.
1574 869 1624 912 tttt.
1644 858 1718 912 coni.
1738 860 1876 913 Mattbssii

1059 959 1133 997 eone.
1145 942 1285 1016 deofficio
1304 957 1330 997 et
1352 946 1459 1000 donoro
1477 943 1537 996 ludi
1554 941 1675 1014 magistr.
1700 954 1723 996 et
1743 944 1879 996 Jusenalis

1059 1038 1145 1098 satyr.
1161 1031 1284 1100 'iserme
1301 1029 1403 1100 odfin.
1421 1030 1453 1081 de
1464 1026 1677 1102 praeceptoribus
1689 1029 1775 1081 casile

1112 1111 1236 1182 Exigite,
1255 1126 1284 1168 ut
1303 1130 1392 1168 mores
1410 1125 1518 1168 teneros
1536 1130 1584 1166 ceu
1600 1111 1697 1182 polit'ee
1710 1111 1798 1170 ducat.

1118 1197 1155 1247 Ut
1169 1197 1196 1248 ss'
1210 1197 1270 1265 prsis
1287 1214 1350 1252 cern
1369 1197 1469 1252 nultum
1485 1195 1569 1261 socii:

1060 1287 1087 1331 si
1103 1289 1188 1348 satyr.
1208 1281 1251 1332 14.

1116 1365 1271 1418 Planisium
1286 1365 1358 1420 enim
1369 1365 1492 1420 intererit
1500 1365 1596 1437 quidus
1606 1364 1707 1420 arettas
1720 1375 1744 1420 et
1757 1367 1852 1445 quidus

1509 1451 1582 1506 itanc
1603 1449 1646 1503 Ter

1115 1534 1238 1588 Mort'ltss
1255 1535 1397 1590 institunt.

1059 1614 1113 1670 Nec
1125 1619 1226 1688 aliquid
1241 1633 1326 1674 contra
1339 1622 1421 1673 bonus
1434 1637 1520 1676 mores
1538 1617 1694 1672 iaciendum.

1098 1701 1163 1756 Ctun
1179 1719 1238 1758 teto
1253 1705 1280 1756 iu
1298 1705 1393 1758 sertui
1414 1720 1533 1757 excessus
1546 1713 1570 1756 et
1581 1701 1697 1756 deiectus
1711 1699 1770 1756 lieri
1785 1705 1877 1776 possiti
1897 1733 1931 1784 20

1063 1785 1137 1854 prius
1157 1788 1212 1854 ejus
1224 1786 1339 1839 deiectus
1353 1787 1559 1841 considerandus
1572 1829 1579 1854 ‚
1592 1789 1637 1858 qui
1652 1788 1773 1842 consistit
1791 1791 1829 1844 sel
1851 1789 1878 1843 itt

1061 1870 1371 1939 intempestirnslientio,
1389 1872 1493 1941 quondo
1517 1883 1668 1942 praeceptor
1691 1871 1819 1928 nimirum
1848 1875 1881 1928 de
1898 1899 1935 1952 27

1063 1951 1186 2022 discipuli
1202 1955 1242 2005 sui
1257 1955 1324 2008 sitio
1337 1957 1433 2008 certior
1445 1955 1564 2008 redditus
1578 1993 1585 2020 ‚
1603 1967 1698 2010 taceat:
1723 1956 1749 2009 lt.
1761 1975 1783 2011 e.
1797 1977 1881 2031 neque

1063 2035 1174 2104 publice,
1194 2055 1278 2109 neque
1292 2037 1414 2110 peitatitu
1430 2047 1518 2092 monci
1543 2057 1572 2092 an
1595 2040 1769 2109 reprehendit
1782 2042 1887 2096 echols·

1063 2134 1117 2171 reus
1130 2124 1262 2186 vitiosum,
1276 2125 1315 2174 sie
1330 2133 1431 2182 tenetur
1442 2122 1474 2175 tle
1486 2123 1608 2194 discipuli
1622 2123 1735 2177 delicio.
1759 2125 1810 2180 sid.
1833 2125 1877 2178 du.

1065 2207 1206 2261 Becutann.
1225 2207 1292 2261 med.
1305 2208 1380 2279 polii.
1393 2228 1416 2262 c.
1434 2209 1476 2262 iii.
1490 2209 1527 2260 tt.
1542 2210 1584 2260 13.
1598 2209 1659 2262 αδδ.
1672 2207 1732 2264 dist.
1752 2210 1795 2262 86.
1816 2229 1838 2265 c.
1860 2215 1883 2266 l.

1063 2292 1160 2361 Quaeri
1174 2305 1259 2345 eutem
1274 2303 1361 2362 posset
1371 2313 1380 2357 ς
1392 2310 1452 2346 unm
1467 2293 1621 2361 praecedere
1633 2292 1724 2348 debeat
1736 2292 1883 2350 admostitio
1901 2293 1936 2345 28

1063 2385 1088 2426 et
1108 2377 1235 2426 correctio
1251 2375 1350 2444 prirata
1370 2374 1523 2446 publicum?
1543 2378 1573 2429 tt
1587 2394 1648 2429 num
1664 2369 1820 2450 praeceptor
1840 2399 1881 2434 ue·

1062 2462 1141 2529 plecti
1154 2459 1240 2516 officii
1254 2461 1370 2516 accusari
1382 2463 1485 2533 possit,
1503 2461 1526 2514 ei
1540 2462 1636 2531 gradus
1649 2464 1840 2517 tdtnouitiouis
1853 2483 1883 2517 ιι-

1063 2547 1170 2621 stirpat?
1189 2549 1247 2601 Nou
1272 2545 1393 2618 equidem
1419 2549 1475 2615 jure
1502 2546 1632 2616 adstringi
1662 2541 1882 2618 praeceptorem,

1064 2648 1121 2684 cunt
1142 2623 1243 2703 publica
1263 2635 1415 2687 auctoritate
1433 2635 1599 2698 constitutus,
1619 2632 1724 2704 publice
1741 2635 1821 2688 eiiam
1838 2635 1887 2688 hcc

1065 2733 1111 2768 suo
1128 2720 1186 2785 jure
1205 2719 1243 2770 uti
1265 2717 1363 2788 possit3
1381 2734 1443 2770 cnut
1461 2735 1525 2771 sero
1541 2715 1671 2770 interdum
1698 2735 1772 2773 casus
1804 2719 1888 2772 inter·
1911 2751 1915 2758 ·

1067 2801 1178 2866 tertiani,
1199 2800 1244 2871 qui
1264 2801 1350 2871 potius
1376 2799 1510 2870 ptisutius,
1535 2819 1614 2872 quum
1634 2799 1756 2870 publice,
1784 2818 1816 2856 ne
1841 2799 1888 2853 stt

1066 2885 1173 2939 scientia
1192 2885 1250 2938 titii
1270 2885 1300 2937 td
1321 2883 1391 2936 idem
1412 2884 1568 2938 itulueuutur
1588 2883 1704 2947 silitum.
1723 2883 1886 2949 decidendi,

1065 2968 1202 3038 aeqttitstis
1220 2985 1285 3031 esse,
1304 2966 1430 3039 privatim
1447 2967 1602 3038 quaudoque
1615 2967 1759 3019 observatis
1773 2967 1884 3022 cit-cum·

1067 3053 1171 3106 stantiis
1187 3054 1376 3106 correctionem
1397 3052 1557 3118 instituere,
1586 3051 1638 3106 sid.
1668 3050 1711 3103 dn.
1742 3047 1887 3104 Brunnent.

1065 3136 1106 3191 tit.
1121 3158 1143 3192 c.
1156 3137 1189 3192 de
1204 3137 1312 3192 emend.
1337 3139 1467 3208 propinq.
1486 3135 1599 3205 proinde
1617 3152 1668 3189 non
1689 3151 1794 3206 peecare
1814 3151 1889 3206 prse-

1069 3233 1128 3295 cept
1137 3241 1217 3291 orem,
1236 3227 1280 3298 qui
1303 3241 1347 3294 per
1366 3221 1462 3292 gradus
1474 3219 1666 3274 admonitionis
1680 3220 1758 3274 etiam
1774 3219 1801 3274 in
1816 3221 1891 3273 sebo·

1066 3311 1099 3364 lis
1118 3310 1249 3380 procedit,
1263 3323 1310 3361 nee
1329 3310 1369 3360 sic
1384 3309 1472 3359 statim
1485 3303 1645 3358 accusandus
1659 3303 1771 3374 neglecti
1791 3299 1890 3367 efficii,

1066 3395 1106 3448 rel
1127 3392 1308 3463 intempestivi
1327 3390 1451 3455 silentii,
1471 3389 1510 3441 sel
1530 3388 1557 3440 in
1576 3387 1658 3440 nimia
1679 3387 1806 3449 lenitate,
1822 3405 1890 3458 quae
1906 3395 1943 3446 2⁰

1067 3479 1214 3546 perniciose
1232 3486 1281 3530 est.
1302 3473 1424 3530 niuster.
1443 3472 1557 3526 Fritsch·
1574 3481 1709 3541 praecepi.
1726 3489 1842 3539 peccans
1864 3491 1885 3525 e.

1067 3565 1110 3614 11.
1128 3561 1215 3631 qualis
1232 3556 1282 3612 luit
1301 3557 1369 3628 apud
1388 3555 1609 3625 Carthaginenses
1628 3554 1652 3606 d.
1672 3553 1886 3623 contingenti·

1065 3646 1130 3717 quit.
1147 3643 1226 3699 acati.
1244 3643 1330 3716 suppl.
1348 3639 1391 3692 12.
1409 3659 1438 3709 μ.
1456 3639 1516 3691 228.
1531 3639 1591 3690 229.
1613 3635 1751 3706 Spenglec.
1768 3639 1819 3690 etis
1838 3651 1887 3690 etc·

1066 3749 1118 3783 ere.
1136 3730 1162 3782 9.
1186 3738 1237 3783 art.
1252 3727 1277 3779 3.
1292 3735 1393 3798 puaest.
1410 3723 1435 3776 4.
1454 3721 1534 3774 Cauta
1554 3739 1614 3775 sero
1639 3719 1733 3771 lenitas
1753 3720 1810 3790 plus
1835 3735 1889 3771 sse·

1066 3817 1128 3886 pius
1140 3817 1216 3882 salet,
1241 3830 1318 3884 quum
1341 3810 1483 3864 inconsulte
1497 3805 1664 3862 Orbiliouum
1688 3804 1808 3857 seueritas
1833 3799 1885 3858 tid.

1067 3903 1161 3953 thau.
1172 3897 1285 3951 Ftitsclt.
1295 3903 1427 3963 praecept.
1443 3909 1514 3956 pecc.
1536 3910 1561 3947 e.
1575 3891 1616 3940 12.
1636 3898 1662 3941 et
1681 3885 1821 3941 mediocris
1836 3894 1887 3941 tci-

1066 3999 1111 4035 cor
1129 3981 1255 4052 supplicii
1275 3975 1520 4049 tpstaeuedebeu
1548 3973 1657 4041 Batcluj.
1676 3971 1756 4045 joon.
1781 3971 1886 4025 animn-

1066 4085 1135 4118 rum.
1148 4083 1171 4118 c.
1187 4068 1210 4117 1.
1224 4065 1278 4116 imo
1290 4062 1426 4134 proniores
1438 4057 1534 4112 debent
1546 4075 1603 4111 esse
1616 4057 1647 4108 ad
1662 4055 1793 4109 leuitatem
1807 4075 1884 4127 quum

1065 4149 1240 4204 caetitatem.
1252 4163 1309 4216 erg.
1327 4143 1346 4198 1.
1361 4147 1404 4196 11.
1408 4137 1447 4212 ff
1467 4146 1500 4197 dc
1522 4162 1603 4210 poen.
1619 4141 1665 4195 Sic
1679 4139 1886 4212 Noribecgeuses
1961 4133 1967 4148 '

1064 4233 1204 4304 aliquando
1215 4229 1422 4284 allaaituiliano
1434 4227 1596 4294 interrogati,
1604 4225 1649 4296 qui
1658 4233 1755 4277 tantam
1764 4235 1886 4294 regerent

1072 4314 1297 4371 multitudinem?
1320 4311 1532 4382 desponderunt:
1553 4309 1690 4362 sorborum
1718 4307 1830 4361 lenitate
1861 4319 1888 4362 et

1065 4418 1209 4474 poenum
1220 4398 1368 4470 asperitate·
1384 4395 1533 4466 Spettgler·
1557 4395 1609 4446 etl.
1626 4392 1735 4448 exercit.
1751 4395 1793 4445 il.
1803 4409 1884 4464 pros·

1064 4487 1230 4625 οψΕἱδδιιιιι
1249 4581 1310 4620 sero
1328 4561 1440 4618 verbalis
1455 4559 1611 4631 discipliuae
1624 4571 1673 4629 est,
1686 4557 1791 4632 quando
1806 4577 1882 4633 prse·
1903 4561 1937 4612 ³0

1065 4666 1156 4727 ceptor
1174 4653 1270 4706 tamam
1290 4647 1413 4718 discipuli
1440 4645 1538 4710 laedit,
1563 4655 1608 4697 aut
1634 4647 1772 4713 injuriosis
1798 4643 1884 4698 tilulis

1065 4759 1090 4798 et
1108 4739 1233 4796 convitiis
1251 4735 1382 4808 discipulo
1402 4734 1525 4804 iujuriam
1544 4731 1619 4784 lucit.
1634 4731 1663 4784 Sl
1682 4750 1705 4783 r.
1724 4749 1748 4802 g.
1769 4729 1885 4802 discipu·

1065 4830 1118 4881 Ιιιιιι
1150 4827 1207 4881 Eira
1227 4820 1409 4884 Humlcind‘,
1426 4819 1554 4883 tinctus,
1583 4817 1704 4871 Bastard
1715 4854 1723 4880 ,
1753 4813 1883 4886 Teuffelr-

1067 4909 1207 4965 Biud'etc.
1225 4907 1408 4976 cognominat·
1427 4903 1497 4955 Num
1517 4919 1577 4956 reto
1595 4899 1629 4952 ob
1649 4901 1710 4954 ltrec
1734 4899 1763 4953 ἰιι
1780 4901 1882 4954 crimen
1902 4915 1933 4966 31

1068 4993 1224 5050 turandus?
1242 5010 1294 5046 non
1312 4988 1425 5052 sidetem
1443 5005 1501 5040 οιιιιι
1522 5001 1571 5040 roa
1589 4985 1763 5055 praeceptoris
1782 4979 1883 5038 uerniui

1067 5079 1180 5150 injurias
1198 5076 1282 5130 iacere
1300 5075 1431 5140 credatur,
1449 5087 1508 5123 cttsn
1526 5072 1609 5124 seclia·
1622 5081 1647 5122 et
1666 5071 1771 5122 verbm
1790 5067 1883 5121 docen-

1066 5164 1100 5220 tis
1117 5161 1249 5235 impunita
1268 5159 1332 5212 sini.
1351 5156 1369 5211 4.
1390 5156 1538 5225 actisactis.
1561 5155 1604 5205 lfl.
1621 5153 1645 5220 §.
1665 5151 1691 5206 2.
1699 5149 1741 5218 ff·
1761 5153 1883 5220 depnett.

1066 5264 1150 5316 neque
1167 5261 1206 5298 ex·
1218 5243 1278 5305 tis,
1297 5241 1359 5293 licet
1378 5239 1439 5292 siut·
1459 5238 1543 5291 serbe·
1562 5235 1711 5305 injuriosas
1723 5234 1819 5308 injuria
1848 5248 1884 5291 ts·

1066 5346 1126 5384 soen
1144 5329 1197 5382 ulla
1215 5324 1329 5380 iniectos·
1347 5323 1496 5392 discipulo,
1516 5321 1532 5373 i.
1555 5323 1598 5374 1³.
1617 5325 1637 5381 §-
1657 5321 1687 5371 θ·
1697 5318 1739 5388 ffi
1764 5321 1811 5391 qui
1828 5334 1886 5380 nos,

1065 5407 1163 5478 instinc.
1180 5409 1312 5480 qrtia¹nou
1332 5406 1395 5459 doio
1414 5416 1440 5458 et
1458 5406 1548 5457 animo
1568 5403 1713 5474 injuriandi
1733 5403 1818 5461 finiti:
1840 5407 1882 5459 iu·

1065 5497 1133 5568 juria
1150 5495 1232 5550 euius¹
1243 5493 1272 5546 in
1290 5489 1384 5546 affeetu
1403 5489 1522 5542 facientis
1541 5489 1686 5543 consistere
1704 5488 1800 5556 debet,
1818 5489 1838 5542 lt
1860 5491 1885 5544 3.

1065 5583 1132 5648 §.t
1149 5583 1167 5635 i.
1187 5585 1230 5634 11.
1248 5598 1290 5648 pr.
1308 5575 1339 5644 ff.
1357 5573 1391 5630 de
1416 5575 1500 5644 injur.
1524 5575 1542 5626 1.
1569 5573 1595 5626 d:
1618 5593 1640 5627 c.
1668 5573 1731 5628 eod:
1748 5577 1889 5648 siquidem·

1066 5661 1171 5722 alicuius
1189 5663 1333 5734 injuriandi
1355 5661 1381 5711 iu
1402 5667 1571 5731 praeceptore
1593 5655 1708 5716 abluisse
1735 5662 1883 5732 praesumi:
