4454 6214
433 285 487 342 'ld'i
917 283 1107 340 ntsturttr.
1126 283 1186 338 xil.
1204 281 1344 338 ldssdfflli.
1365 283 1400 340 il·
1421 281 1558 344 stim
1969 283 2023 336 '188

378 389 468 454 dnm,
487 381 557 440 infre
573 378 776 452 comprobatum
791 391 825 430 cx
843 375 862 430 i.
882 378 908 432 d.
922 375 965 446 Ι.
987 378 1021 433 de
1050 397 1110 433 eec-
1136 376 1196 432 dsri
1249 377 1416 448 oportuisse
1432 380 1573 438 ulteriori.
1593 379 1676 452 lgitnr
1692 379 1818 452 qtsnoiem
1846 379 1966 451 primun
1991 380 2079 437 cunei·

377 471 547 544 exceptiones
553 465 634 538 saco
642 503 648 517 .
670 459 839 516 Probsndum
855 463 943 532 itsque
956 462 1123 532 exceptiones
1136 459 1197 514 iecti
1251 460 1342 517 dersre
1360 465 1434 531 libet,
1453 477 1582 538 quatenos
1603 471 1644 535 jus
1665 467 1753 537 ipsum
1775 466 1848 520 tullit
1865 465 2079 534 obligationem,

377 573 429 610 non
448 552 612 608 intellexisse
629 546 796 602 iccnsulturo
816 542 842 593 d.
858 543 877 594 l.
886 541 928 610 Ι.
945 541 981 595 de
998 545 1112 598 rescind.
1136 561 1196 597 cen·
1252 561 1298 600 occ
1318 549 1345 600 ld
1365 551 1466 623 peregit
1483 550 1606 603 sdltibits
1624 567 1705 621 opere
1725 550 1825 603 subditi
1846 549 1974 616 judiciali
1993 567 2015 604 s.
2032 566 2081 604 η.

376 637 424 692 dir.
444 635 552 688 Εοιιοιιι
569 648 603 688 ex
622 632 639 684 i.
657 629 683 682 9.
702 645 724 682 ο.
744 628 778 680 de
795 635 896 692 except.
914 627 983 698 quod
998 628 1043 680 ille
1061 644 1115 681 uon
1133 643 1200 698 opus
1251 631 1394 703 cipientis,
1412 637 1560 708 euspicium
1581 645 1638 689 esto
1656 634 1825 690 esolotione
1845 635 1872 687 in
1895 636 1983 706 specie
2010 636 2081 690 teli.

377 719 470 776 hubert
490 717 654 788 exceptione,
672 713 719 782 qni
738 719 882 766 concentus
899 709 934 762 eb
951 709 1016 777 ilio,
1030 711 1077 782 qul
1096 711 1198 766 nullom
1255 717 1325 772 llaec
1345 722 1414 776 tollit
1430 722 1634 792 obligationem,
1651 737 1694 788 pr.
1706 719 1732 790 j.
1752 717 1823 788 quid.
1838 716 1909 771 esod.
1921 718 1982 770 soil.
1995 719 2082 790 cdlig.

374 809 417 876 jus
435 801 545 856 bebebet
564 795 674 868 egendi·
692 791 1198 865 Sdifflilileffidffldssfflflssloepfiv·
1255 801 1311 854 Boc
1329 819 1391 858 tero
1408 807 1468 872 jore
1485 803 1645 874 disponente
1662 802 1700 878 sic
1719 797 1765 866 tlt,
1785 801 1854 870 qnod
1874 817 1934 854 coro
1953 817 2007 854 non
2037 818 2081 855 re·

375 909 410 944 ne
427 904 494 959 quse
512 879 701 957 praesupponit
718 881 868 932 senonen.
897 877 988 947 ipsum
1021 888 1109 932 terem
1133 893 1200 947 ottus
1252 887 1339 956 quiret
1354 889 1533 960 excipientem
1550 904 1657 960 operam
1675 885 1793 950 ulterius,
1813 886 1853 938 uti
1872 882 1903 940 fit
1921 885 2080 940 ubtlibere·

377 971 474 1026 hildim
492 967 644 1036 0ῑῆρῦΜο
662 959 741 1025 ‘litii'
767 958 786 1010 d.
811 973 836 1012 θ.
860 956 1036 1027 ίιΙΙμῑῙΟΙὶΘ,
1068 957 1201 1014 mnndi
1254 970 1350 1026 [ionem
1370 974 1540 1044 [mmm
1560 973 1667 1037 most,
1686 971 1732 1025 ml
1757 970 1877 1024 gdhibssg
1901 987 1983 1040 Opffl
2005 971 2082 1024 uei.

376 1068 421 1110 eut
439 1053 616 1115 wulwinus
634 1056 679 1101 ¹⁸⁸
698 1043 844 1099 “nimii“
860 1040 1058 1098 θΜῑῙθΜ·
1084 1041 1138 1098 5θῦ
1168 1061 1202 1100 ¹⁰
1256 1055 1356 1126 pirolis
1374 1058 1461 1126 ipsum
1479 1057 1665 1112 liberetionete
1684 1053 1866 1108 omnimodesn
1890 1051 2010 1106 effecisse
2035 1053 2082 1105 di·

376 1139 481 1194 esedctu
500 1132 656 1189 insereudsc
674 1127 773 1200 judicic
800 1143 849 1198 ptr
880 1127 1128 1191 mmmmm·
1161 1129 1204 1184 ¹¹¹¹
1254 1139 1392 1196 cendum.
1413 1141 1545 1196 Probatur
1563 1141 1612 1193 boc
1629 1138 1680 1210 (ι.)
1698 1139 1718 1191 l.
1735 1141 1778 1192 'll.
1797 1153 1839 1208 pr.
1856 1136 1902 1208 ff.
1920 1136 2002 1192 solos.
2020 1138 2083 1209 lpen

376 1221 544 1292 0¹⁰⁹P¹5⁰¹¹²⁸
563 1214 698 1268 ‘imm
723 1221 988 1284 l’f'ml’l’wfflffls
1017 1227 1073 1266 Μ
1108 1211 1204 1266 MN·
1256 1225 1314 1292 jure
1332 1224 1376 1278 bic
1393 1224 1517 1279 desinere
1534 1225 1620 1279 teneri
1637 1225 1737 1277 dicitur
1755 1225 1812 1290 ille,
1835 1224 1880 1293 qui
1901 1221 1980 1276 uxori
2005 1223 2079 1275 solu·

376 1306 446 1362 lietu
464 1296 632 1372 excep'liontt
650 1295 845 1350 wilmun&
872 1294 942 1348 ἰὼ*
965 1295 1114 1360 dimittis
1138 1313 1204 1366 ‘lu‘
1257 1320 1282 1363 to
1302 1309 1478 1375 mercimonio,
1497 1326 1600 1364 serrum
1620 1319 1665 1362 ent
1684 1325 1807 1362 nummos
1824 1307 2080 1371 obtulerat,esdcm

376 1394 592 1462 9¹⁰⁰⁸⁰PP⁰⁰⁸¹¹¹¹
609 1381 742 1435 ⁸⁰¹3⁰⁰²¹¹²
760 1380 781 1432 ¹·
798 1381 825 1432 9·
842 1398 866 1433 ⁶·
885 1381 919 1434 δ’
935 1391 1038 1448 melli·
1065 1397 1130 1452 ”8⁰
1162 1397 1207 1435 ⁸¹·
1256 1393 1354 1466 ebsqoe
1371 1396 1449 1466 culpe
1466 1413 1512 1450 sce
1530 1393 1672 1466 perdidit.
1692 1393 1865 1447 Pronominis
1883 1391 1925 1444 ibi
1948 1409 2001 1446 non
2028 1393 2083 1446 elie

378 1474 519 1528 cludunlur
534 1469 667 1538 fibellum
680 1467 810 1518 “lilium
818 1465 1206 1536 nonpcsesoppoocns.tlsmst
1258 1479 1337 1541 telin,
1350 1495 1428 1548 queso
1446 1477 1516 1548 quod
1534 1478 1631 1531 obletiu
1649 1477 1707 1544 iure
1725 1476 1790 1531 lecte
1809 1478 1845 1530 sil
1857 1477 1917 1530 locu
1929 1477 2083 1542 solutionis,

376 1561 465 1625 dicis,
482 1555 675 1611 contestatione
692 1570 768 1624 opus,
787 1567 839 1622 quc
856 1553 978 1624 exceptio
998 1568 1059 1624 pers
1077 1548 1123 1606 t⁰tet
1145 1571 1208 1608 cort·
1257 1559 1281 1612 si
1301 1577 1343 1614 res
1361 1561 1530 1632 postmodum
1548 1561 1662 1633 perierit
1681 1562 1707 1614 d.
1724 1562 1744 1614 l.
1762 1562 1807 1614 ts.
1823 1578 1866 1628 pr.
1884 1561 1987 1631 idipso
2003 1563 2083 1616 solse-

376 1643 499 1700 stitoendi
518 1639 631 1708 judicii,
648 1655 694 1690 seu
713 1653 821 1702 eorum,
841 1635 986 1690 secundum
1009 1653 1075 1706 quse
1104 1639 1207 1706 judice·
1258 1651 1296 1707 ιο,
1313 1644 1345 1698 td
1359 1645 1457 1715 sitffi
1472 1646 1506 1700 dc
1523 1646 1605 1700 sciui.
1637 1649 1737 1700 Verum
1764 1645 1874 1716 obloqui
1902 1644 2025 1700 ridentur
2055 1645 2083 1700 ci

377 1742 435 1794 tor,
451 1725 574 1797 exceptio
587 1722 650 1774 lecti
670 1740 723 1776 non
736 1721 841 1776 excluse
854 1721 917 1787 crit,
930 1739 1097 1792 quocumque
1110 1722 1209 1779 dureo·
1257 1727 1327 1796 quod
1345 1729 1458 1794 dictum,
1476 1730 1536 1800 ipso
1552 1732 1612 1799 jore
1630 1731 1751 1784 meritum
1771 1728 1894 1782 «desinere
1914 1729 1998 1782 teneri
2017 1745 2083 1782 eum

377 1815 413 1866 tis
430 1811 524 1881 judicii
542 1807 656 1863 reticulo
669 1812 836 1876 opponetur,
849 1821 910 1857 curn
922 1803 1060 1874 quodlibet
1069 1805 1202 1874 judicium
1257 1809 1394 1866 ubletione
1411 1811 1479 1866 fecte
1499 1831 1541 1870 res
1560 1815 1650 1884 periit,
1668 1827 1694 1870 et
1710 1813 1873 1868 oblstionem
1887 1829 1916 1866 re
1934 1827 2082 1884 perempte,

377 1897 550 1950 constitutum
572 1891 705 1946 contincst
723 1885 879 1942 isccltstetn
899 1887 1067 1958 exquirendi,
1086 1905 1153 1942 nens
1172 1911 1206 1946 o·
1257 1909 1315 1948 esee
1333 1913 1381 1967 pro
1398 1897 1527 1952 missione
1545 1897 1623 1952 serbe
1640 1897 1674 1951 de
1687 1913 1730 1970 pe.
1748 1899 1767 1950 i.
1785 1897 1829 1948 ld.
1854 1898 1902 1968 qtti
1921 1897 2012 1950 decern
2030 1897 2079 1950 de·

375 1979 459 2049 genili
468 1979 516 2050 jos
533 1977 570 2029 sir
586 1976 635 2028 vel
651 1989 725 2037 non,
745 1970 864 2042 illudque
886 1971 1018 2025 inclusum
1037 1972 1074 2024 sit
1091 1984 1144 2028 tssn
1163 1977 1203 2044 je·
1256 1976 1318 2044 bet,
1337 1979 1361 2032 si
1379 1997 1409 2034 cs
1426 1981 1552 2037 obtulerit
1564 1981 1706 2044 creditori,
1724 1989 1752 2034 ct
1772 1981 1820 2032 ille
1837 1979 1899 2033 eine
1916 1983 1987 2050 juste
2004 1997 2081 2034 cesse

377 2063 464 2128 dicio,
485 2063 508 2114 si
529 2070 633 2132 praetor
650 2059 709 2128 ipsc
726 2055 835 2125 iudiffl,
852 2071 932 2126 quem
951 2054 1095 2120 sotmssltes
1114 2059 1137 2110 si
1156 2057 1205 2111 sub
1255 2062 1379 2132 occipere
1391 2067 1530 2134 recusarit,
1549 2063 1646 2120 deinde
1663 2063 1770 2118 debitor
1794 2080 1824 2117 cs
1848 2065 1908 2118 sine
1932 2081 1978 2116 sue
2003 2067 2083 2134 culpe

379 2147 470 2201 ecdem
501 2146 607 2200 dederit
639 2141 804 2216 Pcdoneum.
837 2139 907 2211 Quis
934 2139 1008 2193 coins
1039 2139 1206 2198 inficiaretur
1255 2147 1415 2216 perdideris
1434 2147 1488 2203 doli
1510 2148 1573 2204 meli
1591 2148 1747 2220 exceptione
1764 2164 1792 2201 se
1812 2147 2083 2218 perscrutantissi-

379 2233 535 2302 cnicumqne
553 2229 637 2300 judici
655 2245 713 2283 esse
731 2225 880 2279 incultetern
899 2225 1053 2278 ebeolrendi
1068 2243 1121 2280 non
1134 2212 1224 2282 nott-⁸
1254 2229 1278 2282 si
1292 2230 1346 2284 dcii
1366 2236 1519 2304 exceptione
1530 2251 1597 2308 opos
1619 2233 1716 2298 babet,
1734 2233 1855 2304 sequitur
1878 2233 2000 2286 eumdem
2026 2247 2083 2285 noo

379 2328 483 2386 getump
502 2317 560 2372 otis
580 2329 640 2368 tcto
657 2323 711 2381 est,
735 2312 782 2384 qui
807 2313 968 2382 exceptione
998 2309 1062 2366 ticet
1094 2315 1203 2368 utitur.
1255 2312 1597 2388 ipsciurelibcreri,quie
1612 2318 1664 2370 iste
1680 2317 1923 2370 tinersstoonnem
1949 2317 2083 2370 solinneio

378 2401 511 2468 Quonim
530 2400 612 2470 igitur
631 2396 795 2452 contestsndi
820 2397 963 2450 occessitss
992 2397 1066 2450 nolle
1096 2409 1204 2470 sppcret
1258 2399 1351 2462 tollit,
1368 2417 1446 2470 qoem
1471 2410 1559 2456 nescu
1584 2402 1707 2474 exceptis
1731 2401 1931 2472 preesuppooit.
1953 2400 2082 2456 Graviter
2128 2389 2134 2398 ⁸

377 2489 462 2560 qooed
480 2487 663 2559 exceptionem
684 2483 765 2548 lecti,
785 2501 833 2538 nec
866 2485 907 2549 ius
932 2483 1053 2538 eemdese
1078 2483 1107 2536 d·
1130 2483 1149 2537 Ι.
1177 2485 1204 2536 d·
1253 2483 1714 2553 proiectodoctoribusnostrisille
1734 2482 1901 2538 dissonentis
1923 2484 2081 2551 incumbit,

376 2575 509 2647 peregisse
528 2573 556 2626 in
572 2573 597 2625 b.
620 2569 640 2622 i.
658 2569 766 2640 judiciis
784 2565 1013 2621 concludendum.
1030 2567 1143 2638 Oportet
1155 2569 1203 2620 ite·
1253 2567 1479 2636 distinguentibus
1494 2569 1600 2624 tendere
1610 2568 1700 2638 primo
1715 2567 1786 2622 inter
1796 2566 1963 2636 d.s.judieie
1975 2579 2004 2622 et
2016 2569 2083 2622 etei·

377 2677 443 2731 que,
463 2670 490 2713 ut
506 2655 675 2726 exceptiones
700 2651 885 2721 intelligentur
909 2649 1040 2702 sotionem
1074 2665 1201 2720 prsesnp·
1253 2650 1292 2705 cti
1311 2652 1397 2720 juris,
1417 2651 1457 2706 ibi
1476 2654 1535 2725 ipsc
1551 2656 1610 2723 jere
1626 2653 1738 2706 liberere
1756 2651 1939 2720 abluebam,
1964 2653 2009 2706 tete
2030 2669 2081 2723 μ,

377 2751 520 2816 ponentes.
540 2743 610 2806 Sed,
629 2737 740 2811 objicis,
759 2735 888 2790 sotionem
906 2730 996 2786 dictu
1013 2733 1079 2802 legis
1097 2733 1123 2786 3.
1141 2749 1202 2786 csse
1252 2740 1455 2808 exceptionem.
1473 2740 1522 2809 Api
1541 2757 1603 2794 cern
1620 2740 1645 2793 d.
1663 2755 1704 2807 pr.
1722 2739 1927 2807 deobligstiooe
1938 2739 2024 2794 stricti
2038 2743 2081 2807 jo·

378 2825 509 2880 desinon
528 2839 618 2894 posse,
636 2823 699 2892 quis
718 2819 840 2873 dissensu
860 2818 966 2870 tollitur
983 2815 1111 2885 obligatio
1138 2833 1201 2870 con·
1253 2821 1307 2886 ris,
1324 2821 1387 2892 quis
1405 2821 1502 2878 dieiter
1519 2821 1666 2876 debitorem
1685 2837 1734 2891 pes
1751 2821 1805 2875 dcli
1821 2824 2000 2892 exceptionem
2013 2823 2080 2877 libe·

379 2908 525 2966 scnsuelis.
543 2905 682 2975 Respond.
708 2905 767 2975 Ope
785 2901 948 2972 exceptionis
966 2900 1022 2968 ipso
1037 2901 1100 2970 inte
1117 2901 1202 2954 iuscr-
1251 2905 1322 2970 reris
1341 2915 1368 2959 st
1385 2907 1430 2959 ubi
1450 2907 1550 2960 dicitnr
1567 2906 1627 2978 ipso
1650 2907 1707 2974 iere
1729 2906 1918 2976 obligationem
1937 2909 2080 2979 desinere,

383 3003 432 3061 tre,
453 2991 510 3048 tolli
528 2992 658 3045 actionem
674 3007 682 3053 ς
700 2997 728 3042 ct
744 2984 835 3058 §fim
851 2985 914 3038 inst.
932 2984 1029 3057 pu'eius
1052 2985 1124 3038 mod.
1142 2985 1201 3038 tull.
1252 2988 1293 3057 egi
1312 2989 1345 3042 de
1363 2990 1388 3041 b.
1408 2989 1427 3042 i.
1448 2991 1563 3044 sotione.
1584 2991 1722 3044 colmere
1741 2990 1810 3044 dotis
1826 2989 1900 3042 enim
1918 2990 1943 3044 b
1963 2991 1981 3044 i.
2000 3011 2081 3060 esec,

377 3079 433 3134 nil.
452 3087 480 3131 οι
498 3078 525 3131 d.
543 3077 561 3128 l.
581 3072 671 3144 ²⁷·sp
690 3073 723 3128 de
738 3071 822 3140 coctis
839 3069 987 3142 supplendo
1005 3085 1063 3122 esse
1086 3083 1121 3120 ex
1137 3067 1164 3120 d.
1183 3067 1201 3122 l.
1251 3080 1279 3125 et
1296 3069 1329 3124 de
1346 3071 1436 3126 eedem
1455 3075 1496 3143 egi
1516 3075 1544 3128 in
1564 3071 1619 3128 line
1636 3073 1664 3126 d.
1680 3089 1721 3142 pr.
1741 3075 1792 3130 Sed
1807 3073 1921 3128 insolide
1934 3075 2016 3130 dubio
2031 3079 2081 3133 isti

380 3165 407 3214 ³.
425 3163 458 3220 de
477 3177 544 3214 resc.
560 3156 642 3214 vend.
661 3156 686 3211 d.
705 3158 724 3209 i.
742 3155 787 3208 8l.
807 3161 827 3216 ς.
846 3155 870 3207 li.
890 3155 971 3224 leget.
992 3155 1016 3206 1.
1034 3148 1201 3222 ebdfimffi
1253 3153 1626 3226 oeoen.rtmt.1utt.ffi
1642 3158 1675 3211 dc
1692 3175 1720 3210 v.
1740 3175 1765 3212 s.
1785 3159 1904 3222 dicitnr,
1930 3160 1952 3214 si
1981 3161 2081 3218 Demos

379 3247 414 3303 de
429 3245 505 3318 petie.
524 3245 549 3298 d
567 3244 586 3299 l.
604 3244 649 3294 ot.
658 3239 702 3312 Ι.
721 3241 753 3295 de
771 3240 822 3294 sol.
842 3248 921 3291 nsotr.
949 3235 1022 3289 bdco
1052 3245 1083 3289 ut
1111 3252 1202 3292 serum
1252 3239 1424 3308 etlpnlstione
1441 3241 1589 3310 promimus
1606 3250 1632 3294 οι
1651 3251 1784 3295 recussum
1808 3241 1922 3313 perierit
1944 3243 2079 3300 continno

379 3331 418 3386 sit
437 3334 495 3401 ipso
512 3333 569 3399 jure
587 3328 643 3383 tolli
662 3328 784 3381 dissensu
803 3323 1001 3378 conseneoelctu
1020 3329 1201 3384 contrectum,
1252 3321 1398 3378 debitorem
1419 3323 1551 3378 libereri.
1570 3324 1655 3378 Verbi
1679 3325 1811 3380 continno
1830 3343 1882 3379 nnn
1900 3327 1970 3380 elius
1987 3347 2089 3392 scnsoe

380 3415 426 3468 sed
445 3415 474 3466 id
492 3411 526 3468 tt
543 3413 677 3466 mediante
694 3409 869 3480 receptione.
889 3407 965 3459 llsoe
977 3420 1040 3457 seru
1052 3405 1094 3471 jos
1107 3403 1203 3468 inserit
1251 3424 1309 3462 esse
1328 3417 1428 3480 potest,
1446 3425 1524 3478 qoem
1544 3407 1643 3461 nudem
1662 3425 1799 3463 reinenere
1811 3411 1926 3480 emplius
1938 3411 2081 3484 obligatio-

380 3499 482 3568 judicio
500 3514 548 3569 per
565 3512 596 3550 se
614 3494 714 3564 ipsum
727 3509 781 3545 noo
800 3507 849 3562 pec
865 3489 982 3558 judicem
1002 3501 1078 3540 soom
1097 3485 1203 3540 instito·
1252 3507 1323 3554 nem,
1343 3507 1391 3544 uec
1408 3491 1566 3560 exceptione
1584 3507 1662 3560 opus,
1680 3492 1752 3560 qussi
1771 3493 1900 3561 obligetio
1918 3493 2004 3547 edboe
2028 3497 2079 3550 cto·

381 3595 426 3650 tc,
445 3599 507 3638 mox
527 3599 558 3636 cn
576 3589 779 3649 momentoque
799 3571 959 3628 rste.·dliss
987 3569 1060 3624 euim
1091 3567 1115 3620 tl
1143 3583 1204 3622 cuu-
1253 3583 1339 3626 reret.
1356 3573 1391 3626 Et
1410 3573 1534 3627 mirsbile
1552 3572 1667 3639 diceres,
1688 3573 1758 3642 qood
1777 3573 1823 3626 dd.
1849 3575 1992 3642 dixerint,
2019 3577 2083 3633 iden

384 3678 498 3722 trectum
516 3667 543 3720 b.
558 3663 579 3718 i.
597 3674 716 3719 secutum
737 3661 831 3716 inisset
849 3667 957 3730 pectnm
977 3673 1029 3710 non
1056 3655 1090 3708 de
1113 3663 1203 3726 peteo
1254 3655 1281 3709 b.
1299 3653 1320 3709 i.
1336 3655 1523 3727 obligetionem
1544 3658 1648 3727 perire,
1667 3657 1690 3709 si
1711 3673 1752 3710 res
1777 3667 1838 3728 post
1864 3675 1964 3712 morem
1989 3661 2080 3716 cresti-

382 3754 417 3804 do
436 3763 462 3806 et
483 3750 544 3802 bnic
562 3749 656 3802 iterum
674 3745 798 3799 sdditnm
817 3741 889 3796 slind
907 3741 940 3794 de
954 3738 1145 3812 petendn,boc
1157 3757 1204 3809 po·
1254 3741 1317 3794 toris
1336 3739 1462 3811 perierit,
1478 3741 1539 3811 quie
1556 3737 1582 3793 b.
1601 3741 1621 3794 ι’.
1637 3739 1746 3809 judiciis
1775 3743 1943 3812 exceptiones
1972 3741 2078 3798 insiste.

380 3837 474 3890 sterius
491 3843 618 3906 pectum,
635 3827 836 3902 preecedeetcm
855 3827 883 3881 b.
902 3825 922 3878 i·
942 3836 1070 3880 contrect.
1089 3822 1204 3876 resusci-
1256 3822 1286 3876 Si
1305 3825 1378 3879 enim
1396 3823 1489 3876 insunt
1506 3825 1684 3894 excepiones,
1704 3824 1823 3894 seqnitur
1846 3842 1899 3878 niso
1932 3825 1992 3896 ipse
2020 3830 2085 3896 jore

382 3929 466 3985 teret,
485 3917 554 3989 qood
573 3929 659 3972 temen
678 3909 1022 3974 octodorensis,
1047 3923 1106 3961 non
1130 3909 1204 3960 enim
1257 3907 1295 3960 ibi
1314 3907 1501 3977 obligetionem
1520 3907 1664 3970 sublstem,
1683 3907 1728 3960 sed
1748 3925 1796 3978 pce
1813 3909 2010 3980 exceptionemc
2031 3914 2077 3967 ni·

382 4021 419 4058 eo
436 4021 507 4058 noun
524 4013 605 4074 pecto
623 4000 704 4070 prior
720 3995 852 4068 obligatio
872 3993 1063 4050 ressocitotur.
1081 3988 1205 4046 llesusei·
1259 3989 1298 4041 bil
1316 3989 1389 4042 enim
1408 3991 1524 4050 interest,
1544 3990 1599 4045 eisc
1617 4007 1664 4060 per
1680 3989 1863 4061 exceptionem
1883 3993 2080 4064 inhaerentem,

381 4088 433 4142 teri
452 4104 512 4141 sero
530 4084 687 4154 originslem
705 4081 834 4134 sotionem
854 4077 991 4148 posteriori
1011 4082 1110 4146 pecto,
1128 4090 1206 4140 pore.
1258 4071 1311 4124 site
1330 4087 1376 4141 per
1394 4069 1572 4139 objiciendum
1589 4072 1718 4141 obligetio
1735 4071 1876 4128 eboleetur.
1893 4076 2018 4134 Secundo
2039 4082 2081 4134 iu.

386 4173 410 4224 1.
428 4167 451 4241 5.
470 4171 498 4221 d.
515 4169 542 4222 d.
560 4171 579 4222 l·
597 4169 642 4220 27.
660 4175 750 4238 operte
768 4163 876 4236 prselset
894 4159 1061 4230 exemplum.
1079 4157 1207 4224 Quendo·
1259 4163 1299 4205 ter
1314 4155 1487 4222 quentitstcm
1507 4153 1622 4208 debilem
1640 4165 1666 4208 et
1684 4157 1817 4224 speciem.
1832 4157 1874 4211 lbi
1888 4165 2082 4234 perexceptin.

382 4269 495 4322 cumque
511 4262 598 4306 eutem
617 4251 773 4314 solutione,
789 4257 835 4298 sut
851 4243 969 4311 eiusdem
987 4240 1124 4310 speciebus
1136 4238 1207 4292 tolli·
1259 4253 1319 4291 nent
1338 4237 1446 4291 libcrsri
1465 4237 1628 4302 debitorem
1650 4239 1694 4292 bic
1716 4242 1774 4310 ipso
1795 4243 1868 4309 jure.
1894 4247 1995 4298 Verum
2028 4263 2079 4300 ex-

386 4350 430 4392 tur
447 4336 583 4405 obligetio,
602 4337 643 4403 jus
662 4333 751 4403 ipsum
768 4339 893 4402 operetur
912 4337 973 4380 tunc
992 4339 1209 4391 nonpereece·
1259 4336 1348 4392 presse
1365 4321 1393 4374 in
1411 4317 1467 4374 fine
1484 4323 1549 4376 dieti
1568 4323 1695 4396 principii
1721 4325 1840 4390 notior,
1870 4335 1899 4380 et
1928 4327 2078 4386 debitorem

382 4423 517 4494 ptionem,
536 4421 584 4474 sed
604 4435 681 4472 mero
709 4413 910 4487 dispositione,
925 4409 988 4480 quie
1005 4408 1130 4476 exceptio
1149 4407 1210 4461 telis
1259 4405 1356 4476 sperici
1372 4415 1400 4460 et
1416 4408 1571 4475 qusntltctis
1590 4407 1647 4479 ipso
1664 4411 1720 4477 jore
1739 4409 1788 4464 isto
1807 4411 1846 4462 rei
1873 4411 1985 4466 interitu
2009 4414 2081 4469 libe·

381 4511 432 4562 1100
449 4523 509 4559 csso
527 4521 582 4559 nnn
602 4501 751 4574 requiritur
768 4515 820 4568 qus
839 4493 941 4564 indiget
956 4490 1110 4552 insertione,
1124 4491 1208 4544 ectio·
1260 4491 1321 4546 reri.
1332 4488 1469 4557 Quomodo
1487 4494 1567 4562 igitur
1581 4495 1763 4548 contrarietete
1776 4495 2083 4554 leborentibusincxtci.

383 4613 417 4650 ne
434 4591 531 4665 quippe
552 4589 677 4644 redicitos
704 4586 822 4640 sublsle.
847 4582 925 4637 ttutto
951 4577 1122 4632 dederentiee
1146 4585 1209 4642 cti,
1260 4579 1340 4636 cebili
1358 4576 1584 4634 succurrendum?
1601 4579 1761 4650 Respondes
1780 4595 1827 4648 per
1846 4581 2082 4646 comotionemli·

383 4678 454 4752 qtsod
474 4675 635 4732 euntrerinm
656 4682 762 4744 pectem
783 4667 844 4720 lecti
863 4666 917 4731 sit,
935 4679 999 4730 ergo
1012 4659 1209 4731 prsccedcntesn
1262 4667 1424 4722 hermionem
1443 4672 1471 4716 ct
1489 4662 1571 4734 ipsius
1584 4660 1656 4730 iuris
1673 4663 1704 4715 in
1722 4665 1749 4716 d.
1768 4661 1813 4716 72
1827 4681 1870 4729 pr.
1881 4661 1923 4731 Ι,
1945 4667 1980 4720 ae
1995 4668 2079 4722 solue,

383 4762 589 4833 obligationem,
608 4756 706 4827 quippe
724 4770 790 4824 queo
822 4750 889 4818 jnrls
921 4744 1029 4800 tollendi
1063 4740 1208 4797 instinc.
1260 4769 1317 4806 esse
1334 4749 1454 4817 ejusdem
1472 4743 1692 4816 significetioois.
1712 4747 1794 4817 ldque
1813 4749 1840 4800 d.
1858 4748 1877 4800 l.
1903 4749 1967 4802 tut.
1990 4752 2083 4808 relide

384 4847 490 4906 Sclotio
510 4861 571 4900 sero
582 4841 658 4915 juris
677 4855 734 4892 esee
751 4833 873 4896 bibeturt
893 4848 955 4902 ergo
972 4829 1211 4890 comitumue!
1260 4829 1445 4896 confirmetur,
1462 4832 1560 4902 qnippe
1576 4847 1625 4900 que
1645 4831 1767 4884 stetoitnc
1785 4833 1845 4902 ipen
1867 4834 1927 4901 jore
1956 4831 2016 4888 fieri
2049 4837 2081 4890 its

385 4937 445 5006 jure
463 4925 698 4984 lundsmcntsliter
716 4920 845 4974 subletum
862 4931 874 4968 t
894 4931 924 4968 se
941 4951 949 4980 ,
969 4912 998 4968 itt
1018 4914 1079 4980 ints
1102 4928 1211 4966 rumolt
1262 4919 1361 4988 indicio
1375 4928 1423 4970 etr.
1436 4915 1508 4986 juris
1523 4915 1593 4986 qsscd
1609 4918 1636 4970 cl.
1655 4916 1673 4968 i·
1692 4915 1738 4968 tu.
1755 4918 1783 4970 in
1802 4917 1888 4970 simili
1906 4916 2009 4986 jndicio
2033 4936 2079 4972 es·

384 5017 491 5075 heberi.
508 5013 570 5070 vlt.
588 5010 608 5062 l.
626 5009 670 5062 ot.
678 5005 726 5078 ff·
742 5005 775 5058 dr
791 5003 891 5072 pectis.
1262 5003 1372 5069 seritur,
1391 4997 1450 5054 steri
1470 5016 1517 5070 per
1534 5001 1724 5067 exceptionem.
1742 4999 1798 5054 ttcc
1815 4999 1926 5066 obstet,
1944 4999 2014 5072 quoi
2032 5017 2080 5056 ex-

419 5101 509 5169 §.lv.
527 5093 666 5166 Explicets
684 5093 736 5160 jem
755 5101 839 5140 muso
857 5100 905 5137 cur
927 5085 969 5150 jus
986 5095 1134 5151 pronomen
1158 5095 1212 5132 nr·
1263 5086 1350 5156 ceptio
1368 5101 1422 5139 coe
1437 5091 1569 5151 cotnpetst
1581 5081 1705 5136 obiectio
1716 5081 1848 5148 nolle,etl
1865 5081 2081 5153 contingissoln-

385 5201 441 5244 ms
456 5187 563 5258 ipsum,
582 5179 629 5232 ubi
649 5177 750 5244 cbsqm
767 5171 925 5240 exceptione
944 5166 1002 5221 tolli
1020 5166 1169 5229 sotionem,
1184 5177 1213 5218 et
1266 5168 1573 5234 timenutensium,
1591 5167 2079 5226 licetcosctnonisdd.eententleceu·

386 5271 486 5329 matr,
504 5266 603 5330 mdo,
621 5278 673 5331 qno
691 5262 733 5329 lue
750 5256 838 5328 ipsum
857 5261 989 5323 operetur,
1008 5249 1079 5302 nibil
1092 5249 1211 5302 ulterius
1267 5249 1754 5322 trediret,quiel.³.=ff.dceoocptione
1772 5252 1882 5318 dicitnr,
1895 5254 2079 5324 ellegetiuncsn

386 5364 468 5410 restet
487 5347 672 5423 per-gendum,
689 5357 768 5412 quern
786 5347 816 5390 ut
835 5337 906 5404 leges
925 5335 986 5386 istss
1004 5347 1145 5404 epponem,
1164 5333 1212 5386 ubi
1266 5338 1471 5406 ittamanscs
1483 5335 1547 5392 dicit
1558 5337 1704 5391 euliiecrid
1717 5339 1852 5404 negotium
1862 5348 2079 5409 gesmeano

385 5443 429 5509 jos
447 5439 537 5507 ipsum
555 5439 697 5506 operclum
714 5441 773 5478 esse
790 5423 906 5476 elicitur.
922 5417 1056 5488 Equidem
1074 5413 1215 5471 sufficiens
1233 5493 1235 5500 y
1265 5421 1488 5492 ectcrpeeetendit
1502 5418 2027 5490 jusegendiesseexceptiunesn.lndeqne
2039 5421 2074 5482 iit

386 5521 532 5584 oldeberto,
550 5517 670 5588 exposite
689 5513 796 5566 rotioee
814 5503 983 5578 pronominis
1006 5511 1030 5556 sl
1049 5501 1129 5556 modo
1145 5518 1211 5571 ope·
1266 5520 1293 5563 ut
1305 5507 1425 5578 exceptio
1442 5507 1588 5578 sppilletur
1603 5503 1725 5576 ellcgstio
1736 5505 1863 5572 mulieris,
1884 5507 1983 5558 nullent
2001 5523 2077 5562 sueto

387 5604 475 5670 rendi,
494 5605 565 5671 leges
585 5597 750 5668 simpliciter
767 5604 938 5648 enumeruce·
959 5587 1113 5657 Verumqui
1127 5587 1209 5658 expli·
1263 5588 2004 5660 sssclidejoesioeerncertonsitsqueipsojuresnbletem
2017 5605 2078 5646 esse

387 5691 517 5746 cerionem
536 5683 686 5744 esromdem
705 5678 874 5749 intuebitur,
893 5672 1020 5729 essentiet
1037 5671 1212 5728 dcclsruticne
1261 5675 1389 5732 eetiossesu
1408 5673 1553 5742 solutione.
1570 5671 1617 5744 (λ)
1635 5671 1664 5726 ld
1682 5669 1807 5744 probetne
1823 5671 1843 5727 t
1860 5672 1906 5728 ild.
1922 5675 1944 5736 t.
1959 5668 2079 5740 bffide
