<?xml version="1.0" encoding="UTF-8"?>
<!DOCTYPE html PUBLIC "-//W3C//DTD XHTML 1.0 Transitional//EN"
    "http://www.w3.org/TR/xhtml1/DTD/xhtml1-transitional.dtd">
<html xmlns="http://www.w3.org/1999/xhtml" xml:lang="en" lang="en">
 <head>
  <title>
</title>
<meta http-equiv="Content-Type" content="text/html;charset=utf-8" />
  <meta name='ocr-system' content='tesseract 3.04.00' />
  <meta name='ocr-capabilities' content='ocr_page ocr_carea ocr_par ocr_line ocrx_word'/>
</head>
<body>
  <div class='ocr_page' id='page_1' title='image "./samuelisstrykii03schogoog_0290.png"; bbox 0 0 4480 6196; ppageno 0'>
   <div class='ocr_carea' id='block_1_1' title="bbox 393 233 2077 305">
    <p class='ocr_par' dir='ltr' id='par_1_1' title="bbox 393 233 2077 305">
     <span class='ocr_line' id='line_1_1' title="bbox 393 233 2077 305; baseline -0.011 -1"><span class='ocrx_word' id='word_1_1' title='bbox 393 247 450 305; x_wconf 65' lang='grc'>187</span> <span class='ocrx_word' id='word_1_2' title='bbox 950 237 1416 298; x_wconf 77' lang='lat' dir='ltr'>ntsrtt&#39;rtrtotx.</span> <span class='ocrx_word' id='word_1_3' title='bbox 1922 233 1977 288; x_wconf 67' lang='grc' dir='ltr'><em>Μ</em></span> <span class='ocrx_word' id='word_1_4' title='bbox 2068 280 2077 298; x_wconf 90' lang='grc'><em>,</em></span> 
     </span>
    </p>
   </div>
   <div class='ocr_carea' id='block_1_2' title="bbox 251 327 2024 2872">
    <p class='ocr_par' dir='ltr' id='par_1_2' title="bbox 251 327 2024 2872">
     <span class='ocr_line' id='line_1_2' title="bbox 343 327 2010 434; baseline -0.011 -21"><span class='ocrx_word' id='word_1_5' title='bbox 343 344 455 426; x_wconf 86' lang='lat' dir='ltr'>utilia,</span> <span class='ocrx_word' id='word_1_6' title='bbox 481 341 586 434; x_wconf 89' lang='lat' dir='ltr'>inque</span> <span class='ocrx_word' id='word_1_7' title='bbox 607 339 677 408; x_wconf 88' lang='lat' dir='ltr'>loro</span> <span class='ocrx_word' id='word_1_8' title='bbox 700 333 990 430; x_wconf 80' lang='lat' dir='ltr'>frequentissima,</span> <span class='ocrx_word' id='word_1_9' title='bbox 1019 349 1153 424; x_wconf 89' lang='lat' dir='ltr'>propter</span> <span class='ocrx_word' id='word_1_10' title='bbox 1174 331 1226 398; x_wconf 90' lang='lat' dir='ltr'>sui</span> <span class='ocrx_word' id='word_1_11' title='bbox 1253 330 1357 420; x_wconf 89' lang='lat' dir='ltr'>ipsius</span> <span class='ocrx_word' id='word_1_12' title='bbox 1379 327 1724 413; x_wconf 85' lang='lat' dir='ltr'>commendationem,</span> <span class='ocrx_word' id='word_1_13' title='bbox 1750 349 1923 419; x_wconf 87' lang='lat' dir='ltr'>nunquam</span> <span class='ocrx_word' id='word_1_14' title='bbox 1967 349 2010 434; x_wconf 88' lang='lat' dir='ltr'>ue</span> 
     </span>
     <span class='ocr_line' id='line_1_3' title="bbox 344 415 2023 528; baseline -0.008 -28"><span class='ocrx_word' id='word_1_15' title='bbox 344 431 516 526; x_wconf 65' lang='lat' dir='ltr'>giumda,</span> <span class='ocrx_word' id='word_1_16' title='bbox 539 429 594 496; x_wconf 87' lang='lat' dir='ltr'>scd</span> <span class='ocrx_word' id='word_1_17' title='bbox 620 430 729 519; x_wconf 87' lang='lat' dir='ltr'>potius</span> <span class='ocrx_word' id='word_1_18' title='bbox 752 424 945 517; x_wconf 87' lang='lat' dir='ltr'>attingenda</span> <span class='ocrx_word' id='word_1_19' title='bbox 970 431 1042 492; x_wconf 83' lang='lat' dir='ltr'>ease</span> <span class='ocrx_word' id='word_1_20' title='bbox 1066 423 1209 528; x_wconf 87' lang='lat' dir='ltr'>plenius.</span> <span class='ocrx_word' id='word_1_21' title='bbox 1234 419 1322 510; x_wconf 88' lang='lat' dir='ltr'>Quis</span> <span class='ocrx_word' id='word_1_22' title='bbox 1344 423 1435 488; x_wconf 90' lang='lat' dir='ltr'>enim</span> <span class='ocrx_word' id='word_1_23' title='bbox 1460 435 1529 500; x_wconf 82' lang='lat' dir='ltr'>est,</span> <span class='ocrx_word' id='word_1_24' title='bbox 1552 432 1591 488; x_wconf 93' lang='lat' dir='ltr'>ut</span> <span class='ocrx_word' id='word_1_25' title='bbox 1612 419 1841 486; x_wconf 79' lang='lat' dir='ltr'>Romanorum</span> <span class='ocrx_word' id='word_1_26' title='bbox 1876 415 2023 508; x_wconf 87' lang='lat' dir='ltr'>prudeu-</span> 
     </span>
     <span class='ocr_line' id='line_1_4' title="bbox 345 489 2024 611; baseline -0.009 -20"><span class='ocrx_word' id='word_1_27' title='bbox 345 489 463 591; x_wconf 71' lang='lat' dir='ltr'>tisiimi</span> <span class='ocrx_word' id='word_1_28' title='bbox 487 523 524 588; x_wconf 87' lang='lat' dir='ltr'>in</span> <span class='ocrx_word' id='word_1_29' title='bbox 547 518 623 587; x_wconf 82' lang='lat' dir='ltr'><em>libr.</em></span> <span class='ocrx_word' id='word_1_30' title='bbox 647 520 745 611; x_wconf 80' lang='lat' dir='ltr'>offic.</span> <span class='ocrx_word' id='word_1_31' title='bbox 771 529 846 582; x_wconf 86' lang='lat' dir='ltr'>utar</span> <span class='ocrx_word' id='word_1_32' title='bbox 869 517 998 596; x_wconf 77' lang='lat' dir='ltr'>serbis,</span> <span class='ocrx_word' id='word_1_33' title='bbox 1022 538 1082 604; x_wconf 85' lang='lat' dir='ltr'>qut</span> <span class='ocrx_word' id='word_1_34' title='bbox 1108 513 1285 578; x_wconf 87' lang='lat' dir='ltr'>necessaria</span> <span class='ocrx_word' id='word_1_35' title='bbox 1309 523 1343 578; x_wconf 90' lang='lat' dir='ltr'>et</span> <span class='ocrx_word' id='word_1_36' title='bbox 1367 513 1468 580; x_wconf 88' lang='lat' dir='ltr'>utilia</span> <span class='ocrx_word' id='word_1_37' title='bbox 1495 505 1626 604; x_wconf 80' lang='lat' dir='ltr'>fugiat?</span> <span class='ocrx_word' id='word_1_38' title='bbox 1648 509 1720 576; x_wconf 80' lang='lat' dir='ltr'>Ant</span> <span class='ocrx_word' id='word_1_39' title='bbox 1744 511 1823 602; x_wconf 89' lang='lat' dir='ltr'>quis</span> <span class='ocrx_word' id='word_1_40' title='bbox 1845 508 1897 576; x_wconf 78' lang='lat' dir='ltr'>vel</span> <span class='ocrx_word' id='word_1_41' title='bbox 1922 511 2024 576; x_wconf 82' lang='lat' dir='ltr'>maxi·</span> 
     </span>
     <span class='ocr_line' id='line_1_5' title="bbox 346 600 2023 704; baseline -0.008 -23"><span class='ocrx_word' id='word_1_42' title='bbox 346 638 419 694; x_wconf 90' lang='lat' dir='ltr'>me,</span> <span class='ocrx_word' id='word_1_43' title='bbox 443 613 502 704; x_wconf 93' lang='lat' dir='ltr'>qui</span> <span class='ocrx_word' id='word_1_44' title='bbox 525 635 561 675; x_wconf 89' lang='lat' dir='ltr'>ea</span> <span class='ocrx_word' id='word_1_45' title='bbox 589 631 655 674; x_wconf 91' lang='lat' dir='ltr'>nou</span> <span class='ocrx_word' id='word_1_46' title='bbox 680 605 921 676; x_wconf 71' lang='lat' dir='ltr'>studiosissime</span> <span class='ocrx_word' id='word_1_47' title='bbox 945 601 1190 694; x_wconf 78' lang='lat' dir='ltr'>persequatur?</span> <span class='ocrx_word' id='word_1_48' title='bbox 1206 601 1252 668; x_wconf 83' lang='lat' dir='ltr'>Et</span> <span class='ocrx_word' id='word_1_49' title='bbox 1274 603 1354 692; x_wconf 91' lang='lat' dir='ltr'>quis</span> <span class='ocrx_word' id='word_1_50' title='bbox 1377 619 1424 670; x_wconf 87' lang='lat' dir='ltr'>est</span> <span class='ocrx_word' id='word_1_51' title='bbox 1447 623 1603 694; x_wconf 86' lang='lat' dir='ltr'>quoque,</span> <span class='ocrx_word' id='word_1_52' title='bbox 1619 601 1679 692; x_wconf 92' lang='lat' dir='ltr'>qui</span> <span class='ocrx_word' id='word_1_53' title='bbox 1704 601 1850 690; x_wconf 78' lang='lat' dir='ltr'>ignoret,</span> <span class='ocrx_word' id='word_1_54' title='bbox 1873 600 2023 668; x_wconf 88' lang='lat' dir='ltr'>sacratis·</span> 
     </span>
     <span class='ocr_line' id='line_1_6' title="bbox 346 689 2023 790; baseline -0.008 -20"><span class='ocrx_word' id='word_1_55' title='bbox 346 704 468 771; x_wconf 88' lang='lat' dir='ltr'>simum</span> <span class='ocrx_word' id='word_1_56' title='bbox 493 713 643 765; x_wconf 80' lang='lat' dir='ltr'>nostrum</span> <span class='ocrx_word' id='word_1_57' title='bbox 668 700 898 790; x_wconf 88' lang='lat' dir='ltr'>imperatorem</span> <span class='ocrx_word' id='word_1_58' title='bbox 926 696 1024 785; x_wconf 89' lang='lat' dir='ltr'>plane</span> <span class='ocrx_word' id='word_1_59' title='bbox 1047 717 1066 758; x_wconf 92' lang='lat' dir='ltr'>e</span> <span class='ocrx_word' id='word_1_60' title='bbox 1090 705 1199 759; x_wconf 89' lang='lat' dir='ltr'>nostra</span> <span class='ocrx_word' id='word_1_61' title='bbox 1223 693 1488 784; x_wconf 68' lang='lat' dir='ltr'>jurisprudentia</span> <span class='ocrx_word' id='word_1_62' title='bbox 1513 715 1579 758; x_wconf 90' lang='lat' dir='ltr'>non</span> <span class='ocrx_word' id='word_1_63' title='bbox 1604 701 1671 754; x_wconf 86' lang='lat' dir='ltr'>tam</span> <span class='ocrx_word' id='word_1_64' title='bbox 1695 689 1833 757; x_wconf 89' lang='lat' dir='ltr'>subtiles</span> <span class='ocrx_word' id='word_1_65' title='bbox 1853 704 1887 756; x_wconf 87' lang='lat' dir='ltr'>et</span> <span class='ocrx_word' id='word_1_66' title='bbox 1908 711 2023 780; x_wconf 86' lang='lat' dir='ltr'>super-</span> 
     </span>
     <span class='ocr_line' id='line_1_7' title="bbox 348 779 2021 936; baseline -0.008 -78"><span class='ocrx_word' id='word_1_67' title='bbox 348 815 468 858; x_wconf 82' lang='lat' dir='ltr'>vacuas</span> <span class='ocrx_word' id='word_1_68' title='bbox 491 790 755 869; x_wconf 82' lang='lat' dir='ltr'>observationes,</span> <span class='ocrx_word' id='word_1_69' title='bbox 778 809 881 876; x_wconf 91' lang='lat' dir='ltr'>quam</span> <span class='ocrx_word' id='word_1_70' title='bbox 908 784 1043 850; x_wconf 90' lang='lat' dir='ltr'>inutiles</span> <span class='ocrx_word' id='word_1_71' title='bbox 1064 782 1246 849; x_wconf 87' lang='lat' dir='ltr'>otiosarum</span> <span class='ocrx_word' id='word_1_72' title='bbox 1270 779 1509 872; x_wconf 69' lang='lat' dir='ltr'>disputationes</span> <span class='ocrx_word' id='word_1_73' title='bbox 1531 794 1563 848; x_wconf 86' lang='lat' dir='ltr'>et</span> <span class='ocrx_word' id='word_1_74' title='bbox 1588 781 1814 872; x_wconf 86' lang='lat' dir='ltr'>quaestiones.</span> <span class='ocrx_word' id='word_1_75' title='bbox 1843 781 1856 868; x_wconf 94' lang='lat'>(</span> <span class='ocrx_word' id='word_1_76' title='bbox 1880 803 2021 936; x_wconf 71' lang='lat' dir='ltr'>quarum</span> 
     </span>
     <span class='ocr_line' id='line_1_8' title="bbox 347 869 2023 970; baseline -0.006 -22"><span class='ocrx_word' id='word_1_77' title='bbox 347 879 445 960; x_wconf 89' lang='lat' dir='ltr'>illae,</span> <span class='ocrx_word' id='word_1_78' title='bbox 470 883 563 970; x_wconf 79' lang='lat' dir='ltr'>juxta</span> <span class='ocrx_word' id='word_1_79' title='bbox 587 878 612 945; x_wconf 91' lang='lat' dir='ltr'>l.</span> <span class='ocrx_word' id='word_1_80' title='bbox 636 883 740 946; x_wconf 85' lang='lat' dir='ltr'>nain</span> <span class='ocrx_word' id='word_1_81' title='bbox 766 873 923 942; x_wconf 84' lang='lat' dir='ltr'>arbitris.</span> <span class='ocrx_word' id='word_1_82' title='bbox 941 873 977 960; x_wconf 73' lang='grc' dir='ltr'>ΙΙ.</span> <span class='ocrx_word' id='word_1_83' title='bbox 1002 873 1030 962; x_wconf 64' lang='grc' dir='ltr'>ἃ.</span> <span class='ocrx_word' id='word_1_84' title='bbox 1052 875 1085 940; x_wconf 88' lang='lat' dir='ltr'>si</span> <span class='ocrx_word' id='word_1_85' title='bbox 1107 876 1192 964; x_wconf 87' lang='lat' dir='ltr'>quis.</span> <span class='ocrx_word' id='word_1_86' title='bbox 1218 875 1248 940; x_wconf 84' lang='grc'>6.</span> <span class='ocrx_word' id='word_1_87' title='bbox 1265 875 1340 939; x_wconf 85' lang='lat' dir='ltr'>aod.</span> <span class='ocrx_word' id='word_1_88' title='bbox 1357 873 1401 939; x_wconf 87' lang='lat' dir='ltr'>de</span> <span class='ocrx_word' id='word_1_89' title='bbox 1422 887 1545 966; x_wconf 79' lang='lat' dir='ltr'>recept.</span> <span class='ocrx_word' id='word_1_90' title='bbox 1569 869 1694 938; x_wconf 80' lang='lat' dir='ltr'>arbitr.</span> <span class='ocrx_word' id='word_1_91' title='bbox 1719 869 1848 961; x_wconf 86' lang='lat' dir='ltr'>jamdiu</span> <span class='ocrx_word' id='word_1_92' title='bbox 1870 893 1887 934; x_wconf 90' lang='grc' dir='ltr'>ι</span> <span class='ocrx_word' id='word_1_93' title='bbox 1935 869 2023 938; x_wconf 78' lang='lat' dir='ltr'>aulis</span> 
     </span>
     <span class='ocr_line' id='line_1_9' title="bbox 348 958 2021 1057; baseline -0.006 -19"><span class='ocrx_word' id='word_1_94' title='bbox 348 992 531 1056; x_wconf 76' lang='lat' dir='ltr'>recessere3</span> <span class='ocrx_word' id='word_1_95' title='bbox 555 967 673 1034; x_wconf 87' lang='lat' dir='ltr'>barum</span> <span class='ocrx_word' id='word_1_96' title='bbox 700 991 777 1034; x_wconf 82' lang='lat' dir='ltr'>vero</span> <span class='ocrx_word' id='word_1_97' title='bbox 799 966 983 1057; x_wconf 78' lang='lat' dir='ltr'>catalogum</span> <span class='ocrx_word' id='word_1_98' title='bbox 1011 965 1097 1030; x_wconf 87' lang='lat' dir='ltr'>bene</span> <span class='ocrx_word' id='word_1_99' title='bbox 1122 965 1256 1054; x_wconf 87' lang='lat' dir='ltr'>longum</span> <span class='ocrx_word' id='word_1_100' title='bbox 1281 975 1453 1030; x_wconf 81' lang='lat' dir='ltr'>recensent</span> <span class='ocrx_word' id='word_1_101' title='bbox 1475 971 1640 1042; x_wconf 88' lang='lat' dir='ltr'>doctores,</span> <span class='ocrx_word' id='word_1_102' title='bbox 1664 977 1765 1050; x_wconf 89' lang='lat' dir='ltr'>prout</span> <span class='ocrx_word' id='word_1_103' title='bbox 1797 958 1910 1028; x_wconf 79' lang='lat' dir='ltr'>ridere</span> <span class='ocrx_word' id='word_1_104' title='bbox 1943 959 2021 1028; x_wconf 87' lang='lat' dir='ltr'>lieet</span> 
     </span>
     <span class='ocr_line' id='line_1_10' title="bbox 350 1048 2019 1161; baseline -0.007 -34"><span class='ocrx_word' id='word_1_105' title='bbox 350 1083 407 1152; x_wconf 88' lang='lat' dir='ltr'>ap.</span> <span class='ocrx_word' id='word_1_106' title='bbox 431 1059 570 1148; x_wconf 86' lang='lat' dir='ltr'>Heriug.</span> <span class='ocrx_word' id='word_1_107' title='bbox 593 1075 636 1124; x_wconf 86' lang='lat' dir='ltr'>tr.</span> <span class='ocrx_word' id='word_1_108' title='bbox 661 1059 704 1125; x_wconf 82' lang='lat' dir='ltr'>de</span> <span class='ocrx_word' id='word_1_109' title='bbox 720 1055 877 1148; x_wconf 77' lang='lat' dir='ltr'>fidejuss.</span> <span class='ocrx_word' id='word_1_110' title='bbox 900 1079 976 1146; x_wconf 89' lang='lat' dir='ltr'>cap.</span> <span class='ocrx_word' id='word_1_111' title='bbox 1005 1075 1052 1120; x_wconf 90' lang='grc' dir='ltr'>ιο.</span> <span class='ocrx_word' id='word_1_112' title='bbox 1071 1079 1105 1118; x_wconf 89' lang='grc' dir='ltr'>ιι.</span> <span class='ocrx_word' id='word_1_113' title='bbox 1129 1077 1200 1120; x_wconf 81' lang='lat' dir='ltr'>tou.</span> <span class='ocrx_word' id='word_1_114' title='bbox 1224 1076 1299 1159; x_wconf 74' lang='lat' dir='ltr'>curn</span> <span class='ocrx_word' id='word_1_115' title='bbox 1324 1053 1354 1120; x_wconf 82' lang='grc'>3.</span> <span class='ocrx_word' id='word_1_116' title='bbox 1377 1079 1469 1145; x_wconf 82' lang='lat' dir='ltr'>seqq.</span> <span class='ocrx_word' id='word_1_117' title='bbox 1494 1048 1895 1161; x_wconf 46' lang='lat' dir='ltr'>Finclteltbaunohserv.</span> <span class='ocrx_word' id='word_1_118' title='bbox 1909 1066 2019 1143; x_wconf 88' lang='lat' dir='ltr'>pract.</span> 
     </span>
     <span class='ocr_line' id='line_1_11' title="bbox 346 1139 2023 1326; baseline -0.007 -18"><span class='ocrx_word' id='word_1_119' title='bbox 346 1173 391 1308; x_wconf 68' lang='lat' dir='ltr'>li</span> <span class='ocrx_word' id='word_1_120' title='bbox 406 1146 829 1306; x_wconf 62' lang='lat' dir='ltr'>inittfiistf&#39;tt:</span> <span class='ocrx_word' id='word_1_121' title='bbox 849 1143 1168 1326; x_wconf 61' lang='lat' dir='ltr'>tqttitlttt</span> <span class='ocrx_word' id='word_1_122' title='bbox 1189 1143 1362 1300; x_wconf 63' lang='lat' dir='ltr'>{itin</span> <span class='ocrx_word' id='word_1_123' title='bbox 1377 1139 2023 1318; x_wconf 65' lang='lat' dir='ltr'>titt‡“.²·ititt”tttt..⁰ti</span> 
     </span>
     <span class='ocr_line' id='line_1_12' title="bbox 346 1321 2022 1420; baseline -0.005 -24"><span class='ocrx_word' id='word_1_124' title='bbox 346 1331 473 1408; x_wconf 86' lang='lat' dir='ltr'>tinere,</span> <span class='ocrx_word' id='word_1_125' title='bbox 497 1351 586 1420; x_wconf 89' lang='lat' dir='ltr'>quae</span> <span class='ocrx_word' id='word_1_126' title='bbox 609 1352 645 1394; x_wconf 85' lang='lat' dir='ltr'>re</span> <span class='ocrx_word' id='word_1_127' title='bbox 668 1328 738 1417; x_wconf 89' lang='lat' dir='ltr'>ipsa</span> <span class='ocrx_word' id='word_1_128' title='bbox 760 1325 926 1393; x_wconf 88' lang='lat' dir='ltr'>obtinent.</span> <span class='ocrx_word' id='word_1_129' title='bbox 950 1324 1060 1415; x_wconf 82' lang='lat' dir='ltr'>Igitur</span> <span class='ocrx_word' id='word_1_130' title='bbox 1083 1342 1116 1390; x_wconf 87' lang='lat' dir='ltr'>et</span> <span class='ocrx_word' id='word_1_131' title='bbox 1137 1347 1214 1415; x_wconf 86' lang='lat' dir='ltr'>ego,</span> <span class='ocrx_word' id='word_1_132' title='bbox 1238 1347 1341 1413; x_wconf 90' lang='lat' dir='ltr'>quem</span> <span class='ocrx_word' id='word_1_133' title='bbox 1371 1349 1444 1416; x_wconf 88' lang='lat' dir='ltr'>arg.</span> <span class='ocrx_word' id='word_1_134' title='bbox 1474 1323 1500 1392; x_wconf 86' lang='lat' dir='ltr'>i.</span> <span class='ocrx_word' id='word_1_135' title='bbox 1522 1347 1619 1390; x_wconf 85' lang='lat' dir='ltr'>nemo</span> <span class='ocrx_word' id='word_1_136' title='bbox 1639 1321 1767 1412; x_wconf 78' lang='lat' dir='ltr'>judeae.</span> <span class='ocrx_word' id='word_1_137' title='bbox 1798 1322 1848 1388; x_wconf 81' lang='lat'>13.</span> <span class='ocrx_word' id='word_1_138' title='bbox 1875 1321 1949 1388; x_wconf 85' lang='lat' dir='ltr'>cod.</span> <span class='ocrx_word' id='word_1_139' title='bbox 1976 1321 2022 1388; x_wconf 79' lang='lat' dir='ltr'>de</span> 
     </span>
     <span class='ocr_line' id='line_1_13' title="bbox 350 1413 2022 1506; baseline -0.005 -19"><span class='ocrx_word' id='word_1_140' title='bbox 350 1433 497 1488; x_wconf 84' lang='lat' dir='ltr'>sentent.</span> <span class='ocrx_word' id='word_1_141' title='bbox 520 1434 553 1484; x_wconf 89' lang='lat' dir='ltr'>at</span> <span class='ocrx_word' id='word_1_142' title='bbox 576 1418 734 1486; x_wconf 86' lang='lat' dir='ltr'>interino.</span> <span class='ocrx_word' id='word_1_143' title='bbox 756 1438 846 1482; x_wconf 89' lang='lat' dir='ltr'>omn.</span> <span class='ocrx_word' id='word_1_144' title='bbox 864 1413 979 1506; x_wconf 84' lang='lat' dir='ltr'>judic.</span> <span class='ocrx_word' id='word_1_145' title='bbox 1003 1431 1038 1479; x_wconf 90' lang='lat' dir='ltr'>et</span> <span class='ocrx_word' id='word_1_146' title='bbox 1056 1413 1167 1504; x_wconf 88' lang='lat' dir='ltr'>legum</span> <span class='ocrx_word' id='word_1_147' title='bbox 1184 1431 1216 1480; x_wconf 92' lang='lat' dir='ltr'>et</span> <span class='ocrx_word' id='word_1_148' title='bbox 1238 1415 1387 1506; x_wconf 86' lang='lat' dir='ltr'>justitiae</span> <span class='ocrx_word' id='word_1_149' title='bbox 1405 1414 1578 1482; x_wconf 81' lang='lat' dir='ltr'>veritatem</span> <span class='ocrx_word' id='word_1_150' title='bbox 1593 1414 1690 1503; x_wconf 86' lang='lat' dir='ltr'>sequi</span> <span class='ocrx_word' id='word_1_151' title='bbox 1707 1423 1854 1503; x_wconf 86' lang='lat' dir='ltr'>oportet,</span> <span class='ocrx_word' id='word_1_152' title='bbox 1870 1435 1909 1477; x_wconf 80' lang='lat' dir='ltr'>er</span> <span class='ocrx_word' id='word_1_153' title='bbox 1927 1431 2022 1504; x_wconf 87' lang='lat' dir='ltr'>prae·</span> 
     </span>
     <span class='ocr_line' id='line_1_14' title="bbox 343 1501 2019 1594; baseline -0.005 -19"><span class='ocrx_word' id='word_1_154' title='bbox 343 1507 430 1575; x_wconf 90' lang='lat' dir='ltr'>dicta</span> <span class='ocrx_word' id='word_1_155' title='bbox 463 1507 613 1573; x_wconf 86' lang='lat' dir='ltr'>doctrina</span> <span class='ocrx_word' id='word_1_156' title='bbox 644 1505 678 1575; x_wconf 95' lang='lat' dir='ltr'>d.</span> <span class='ocrx_word' id='word_1_157' title='bbox 710 1505 920 1588; x_wconf 81' lang='lat' dir='ltr'>Jtrstiniaui,</span> <span class='ocrx_word' id='word_1_158' title='bbox 954 1501 1051 1569; x_wconf 88' lang='lat' dir='ltr'>talem</span> <span class='ocrx_word' id='word_1_159' title='bbox 1076 1503 1158 1570; x_wconf 86' lang='lat' dir='ltr'>milti</span> <span class='ocrx_word' id='word_1_160' title='bbox 1183 1528 1222 1570; x_wconf 85' lang='lat' dir='ltr'>er</span> <span class='ocrx_word' id='word_1_161' title='bbox 1249 1505 1430 1593; x_wconf 75' lang='lat' dir='ltr'>praestigiis</span> <span class='ocrx_word' id='word_1_162' title='bbox 1453 1502 1520 1570; x_wconf 89' lang='lat' dir='ltr'>illis</span> <span class='ocrx_word' id='word_1_163' title='bbox 1545 1503 1667 1570; x_wconf 76' lang='lat' dir='ltr'>versuti</span> <span class='ocrx_word' id='word_1_164' title='bbox 1692 1503 1798 1594; x_wconf 82' lang='lat' dir='ltr'>juris,</span> <span class='ocrx_word' id='word_1_165' title='bbox 1823 1519 1922 1592; x_wconf 90' lang='lat' dir='ltr'>prout</span> <span class='ocrx_word' id='word_1_166' title='bbox 1951 1503 2019 1593; x_wconf 86' lang='lat' dir='ltr'>ipsa</span> 
     </span>
     <span class='ocr_line' id='line_1_15' title="bbox 345 1591 2018 1685; baseline -0.003 -20"><span class='ocrx_word' id='word_1_167' title='bbox 345 1597 444 1665; x_wconf 85' lang='lat' dir='ltr'>verba</span> <span class='ocrx_word' id='word_1_168' title='bbox 467 1597 492 1662; x_wconf 90' lang='lat' dir='ltr'>l.</span> <span class='ocrx_word' id='word_1_169' title='bbox 515 1600 568 1662; x_wconf 87' lang='lat' dir='ltr'>ita</span> <span class='ocrx_word' id='word_1_170' title='bbox 592 1595 686 1666; x_wconf 87' lang='lat' dir='ltr'>nobis</span> <span class='ocrx_word' id='word_1_171' title='bbox 711 1595 823 1664; x_wconf 88' lang='lat' dir='ltr'>cordi.</span> <span class='ocrx_word' id='word_1_172' title='bbox 850 1595 905 1659; x_wconf 71' lang='grc' dir='ltr'>ιδ.</span> <span class='ocrx_word' id='word_1_173' title='bbox 930 1593 1009 1660; x_wconf 86' lang='lat' dir='ltr'>cod.</span> <span class='ocrx_word' id='word_1_174' title='bbox 1032 1591 1079 1659; x_wconf 87' lang='lat' dir='ltr'>ad</span> <span class='ocrx_word' id='word_1_175' title='bbox 1101 1594 1167 1683; x_wconf 89' lang='lat' dir='ltr'>leg.</span> <span class='ocrx_word' id='word_1_176' title='bbox 1184 1593 1255 1685; x_wconf 85' lang='lat' dir='ltr'>jul.</span> <span class='ocrx_word' id='word_1_177' title='bbox 1280 1591 1325 1658; x_wconf 80' lang='lat' dir='ltr'>de</span> <span class='ocrx_word' id='word_1_178' title='bbox 1346 1593 1459 1661; x_wconf 88' lang='lat' dir='ltr'>adult.</span> <span class='ocrx_word' id='word_1_179' title='bbox 1483 1609 1516 1660; x_wconf 85' lang='lat' dir='ltr'>et</span> <span class='ocrx_word' id='word_1_180' title='bbox 1538 1611 1650 1684; x_wconf 85' lang='lat' dir='ltr'>stupr.</span> <span class='ocrx_word' id='word_1_181' title='bbox 1663 1605 1803 1674; x_wconf 90' lang='lat' dir='ltr'>sonant,</span> <span class='ocrx_word' id='word_1_182' title='bbox 1817 1591 2018 1684; x_wconf 82' lang='lat' dir='ltr'>seligendum</span> 
     </span>
     <span class='ocr_line' id='line_1_16' title="bbox 347 1683 2019 1778; baseline -0.001 -26"><span class='ocrx_word' id='word_1_183' title='bbox 347 1685 473 1754; x_wconf 87' lang='lat' dir='ltr'>credidi</span> <span class='ocrx_word' id='word_1_184' title='bbox 491 1687 680 1771; x_wconf 87' lang='lat' dir='ltr'>materiam,</span> <span class='ocrx_word' id='word_1_185' title='bbox 696 1707 797 1776; x_wconf 90' lang='lat' dir='ltr'>quam</span> <span class='ocrx_word' id='word_1_186' title='bbox 820 1685 887 1773; x_wconf 90' lang='lat' dir='ltr'>ipsa</span> <span class='ocrx_word' id='word_1_187' title='bbox 906 1683 1036 1749; x_wconf 88' lang='lat' dir='ltr'>utilitas</span> <span class='ocrx_word' id='word_1_188' title='bbox 1051 1683 1218 1765; x_wconf 78' lang='lat' dir='ltr'>suaderet,</span> <span class='ocrx_word' id='word_1_189' title='bbox 1228 1685 1337 1776; x_wconf 72' lang='lat' dir='ltr'>jactu</span> <span class='ocrx_word' id='word_1_190' title='bbox 1354 1683 1380 1750; x_wconf 88' lang='grc'>1.</span> <span class='ocrx_word' id='word_1_191' title='bbox 1396 1689 1447 1752; x_wconf 91' lang='lat' dir='ltr'>ait</span> <span class='ocrx_word' id='word_1_192' title='bbox 1465 1703 1617 1778; x_wconf 82' lang='lat' dir='ltr'>praetor.</span> <span class='ocrx_word' id='word_1_193' title='bbox 1633 1708 1661 1750; x_wconf 93' lang='lat' dir='ltr'>t.</span> <span class='ocrx_word' id='word_1_194' title='bbox 1676 1683 1708 1772; x_wconf 58' lang='grc' dir='ltr'>ἃ.</span> <span class='ocrx_word' id='word_1_195' title='bbox 1719 1697 1797 1750; x_wconf 83' lang='grc' dir='ltr'><strong>ιιιιιι</strong></span> <span class='ocrx_word' id='word_1_196' title='bbox 1814 1686 1875 1773; x_wconf 88' lang='lat' dir='ltr'>qui</span> <span class='ocrx_word' id='word_1_197' title='bbox 1883 1699 2019 1776; x_wconf 87' lang='lat' dir='ltr'>putent.</span> 
     </span>
     <span class='ocr_line' id='line_1_17' title="bbox 345 1773 2019 1880; baseline -0.001 -37"><span class='ocrx_word' id='word_1_198' title='bbox 345 1777 380 1844; x_wconf 83' lang='grc'>6.</span> <span class='ocrx_word' id='word_1_199' title='bbox 389 1777 435 1868; x_wconf 83' lang='lat' dir='ltr'><em>ff</em></span> <span class='ocrx_word' id='word_1_200' title='bbox 459 1800 502 1843; x_wconf 86' lang='lat' dir='ltr'>ne</span> <span class='ocrx_word' id='word_1_201' title='bbox 526 1775 611 1866; x_wconf 83' lang='lat' dir='ltr'>quid</span> <span class='ocrx_word' id='word_1_202' title='bbox 633 1780 670 1844; x_wconf 89' lang='lat' dir='ltr'>in</span> <span class='ocrx_word' id='word_1_203' title='bbox 681 1778 830 1871; x_wconf 82' lang='lat' dir='ltr'>flumin.</span> <span class='ocrx_word' id='word_1_204' title='bbox 852 1773 948 1864; x_wconf 83' lang='lat' dir='ltr'>pubi.</span> <span class='ocrx_word' id='word_1_205' title='bbox 969 1774 1034 1866; x_wconf 72' lang='lat' dir='ltr'>fiat</span> <span class='ocrx_word' id='word_1_206' title='bbox 1058 1799 1124 1866; x_wconf 84' lang='lat' dir='ltr'>qua</span> <span class='ocrx_word' id='word_1_207' title='bbox 1148 1774 1226 1840; x_wconf 83' lang='lat' dir='ltr'>alit.</span> <span class='ocrx_word' id='word_1_208' title='bbox 1250 1775 1396 1880; x_wconf 66' lang='lat' dir='ltr'>opstat.</span> <span class='ocrx_word' id='word_1_209' title='bbox 1420 1793 1524 1867; x_wconf 83' lang='lat' dir='ltr'>utque</span> <span class='ocrx_word' id='word_1_210' title='bbox 1546 1777 1611 1842; x_wconf 88' lang='lat' dir='ltr'>uti.</span> <span class='ocrx_word' id='word_1_211' title='bbox 1636 1789 1699 1840; x_wconf 82' lang='lat' dir='ltr'>eto.</span> <span class='ocrx_word' id='word_1_212' title='bbox 1723 1783 1756 1839; x_wconf 88' lang='lat' dir='ltr'>et</span> <span class='ocrx_word' id='word_1_213' title='bbox 1779 1797 1866 1864; x_wconf 88' lang='lat' dir='ltr'>quae</span> <span class='ocrx_word' id='word_1_214' title='bbox 1896 1774 1931 1838; x_wconf 90' lang='lat' dir='ltr'>in</span> <span class='ocrx_word' id='word_1_215' title='bbox 1965 1777 2019 1866; x_wconf 89' lang='lat' dir='ltr'>ju·</span> 
     </span>
     <span class='ocr_line' id='line_1_18' title="bbox 345 1860 2020 1959; baseline 0 -27"><span class='ocrx_word' id='word_1_216' title='bbox 345 1865 444 1932; x_wconf 88' lang='lat' dir='ltr'>diciis</span> <span class='ocrx_word' id='word_1_217' title='bbox 465 1889 568 1959; x_wconf 90' lang='lat' dir='ltr'>quam</span> <span class='ocrx_word' id='word_1_218' title='bbox 592 1869 738 1932; x_wconf 79' lang='lat' dir='ltr'>maxime</span> <span class='ocrx_word' id='word_1_219' title='bbox 759 1865 843 1932; x_wconf 87' lang='lat' dir='ltr'>scitu</span> <span class='ocrx_word' id='word_1_220' title='bbox 869 1863 1062 1930; x_wconf 87' lang='lat' dir='ltr'>necessaria.</span> <span class='ocrx_word' id='word_1_221' title='bbox 1087 1863 1135 1930; x_wconf 81' lang='lat' dir='ltr'>lie</span> <span class='ocrx_word' id='word_1_222' title='bbox 1161 1885 1237 1930; x_wconf 83' lang='lat' dir='ltr'>aero</span> <span class='ocrx_word' id='word_1_223' title='bbox 1260 1882 1294 1930; x_wconf 86' lang='lat' dir='ltr'>et</span> <span class='ocrx_word' id='word_1_224' title='bbox 1316 1882 1361 1932; x_wconf 87' lang='grc' dir='ltr'>ιιι</span> <span class='ocrx_word' id='word_1_225' title='bbox 1384 1885 1493 1934; x_wconf 89' lang='lat' dir='ltr'>actum</span> <span class='ocrx_word' id='word_1_226' title='bbox 1518 1889 1629 1955; x_wconf 89' lang='lat' dir='ltr'>agam,</span> <span class='ocrx_word' id='word_1_227' title='bbox 1645 1877 1679 1930; x_wconf 88' lang='lat' dir='ltr'>et</span> <span class='ocrx_word' id='word_1_228' title='bbox 1699 1861 1821 1930; x_wconf 83' lang='lat' dir='ltr'>frustra</span> <span class='ocrx_word' id='word_1_229' title='bbox 1838 1860 1890 1928; x_wconf 90' lang='lat' dir='ltr'>dis</span> <span class='ocrx_word' id='word_1_230' title='bbox 1915 1875 2020 1934; x_wconf 88' lang='lat' dir='ltr'>utasse</span> 
     </span>
     <span class='ocr_line' id='line_1_19' title="bbox 348 1886 2019 2049; baseline -0.001 -28"><span class='ocrx_word' id='word_1_231' title='bbox 348 1954 481 2034; x_wconf 82' lang='lat' dir='ltr'>videar,</span> <span class='ocrx_word' id='word_1_232' title='bbox 503 1969 615 2024; x_wconf 89' lang='lat' dir='ltr'>eontra</span> <span class='ocrx_word' id='word_1_233' title='bbox 639 1957 663 2024; x_wconf 88' lang='lat' dir='ltr'>i.</span> <span class='ocrx_word' id='word_1_234' title='bbox 677 1957 822 2044; x_wconf 84' lang='lat' dir='ltr'>frustra</span> <span class='ocrx_word' id='word_1_235' title='bbox 845 1953 1013 2044; x_wconf 86' lang='lat' dir='ltr'>disputas.</span> <span class='ocrx_word' id='word_1_236' title='bbox 1047 1981 1076 2022; x_wconf 90' lang='grc' dir='ltr'>ι.</span> <span class='ocrx_word' id='word_1_237' title='bbox 1101 1950 1179 2022; x_wconf 88' lang='lat' dir='ltr'>cod.</span> <span class='ocrx_word' id='word_1_238' title='bbox 1203 1979 1247 2021; x_wconf 90' lang='lat' dir='ltr'>ne</span> <span class='ocrx_word' id='word_1_239' title='bbox 1268 1979 1332 2022; x_wconf 76' lang='lat' dir='ltr'>ux.</span> <span class='ocrx_word' id='word_1_240' title='bbox 1352 1980 1418 2049; x_wconf 87' lang='lat' dir='ltr'>pro</span> <span class='ocrx_word' id='word_1_241' title='bbox 1441 1957 1561 2024; x_wconf 87' lang='lat' dir='ltr'>marit.</span> <span class='ocrx_word' id='word_1_242' title='bbox 1584 1979 1658 2022; x_wconf 88' lang='lat' dir='ltr'>eam</span> <span class='ocrx_word' id='word_1_243' title='bbox 1681 1951 1821 2046; x_wconf 83' lang='lat' dir='ltr'>seligere</span> <span class='ocrx_word' id='word_1_244' title='bbox 1844 1886 1934 2019; x_wconf 77' lang='lat' dir='ltr'>soliti</span> <span class='ocrx_word' id='word_1_245' title='bbox 1952 1979 2019 2020; x_wconf 89' lang='lat' dir='ltr'>ma·</span> 
     </span>
     <span class='ocr_line' id='line_1_20' title="bbox 344 2041 2021 2152; baseline 0.002 -44"><span class='ocrx_word' id='word_1_246' title='bbox 344 2044 480 2124; x_wconf 89' lang='lat' dir='ltr'>teriam,</span> <span class='ocrx_word' id='word_1_247' title='bbox 504 2067 591 2136; x_wconf 88' lang='lat' dir='ltr'>quae</span> <span class='ocrx_word' id='word_1_248' title='bbox 613 2043 767 2138; x_wconf 88' lang='lat' dir='ltr'>quotidie</span> <span class='ocrx_word' id='word_1_249' title='bbox 789 2047 953 2124; x_wconf 86' lang='lat' dir='ltr'>occurrit,</span> <span class='ocrx_word' id='word_1_250' title='bbox 979 2041 1014 2107; x_wconf 91' lang='lat' dir='ltr'>in</span> <span class='ocrx_word' id='word_1_251' title='bbox 1039 2067 1105 2134; x_wconf 88' lang='lat' dir='ltr'>qua</span> <span class='ocrx_word' id='word_1_252' title='bbox 1130 2061 1262 2125; x_wconf 79' lang='lat' dir='ltr'>umen,</span> <span class='ocrx_word' id='word_1_253' title='bbox 1287 2063 1326 2112; x_wconf 88' lang='lat' dir='ltr'>ut</span> <span class='ocrx_word' id='word_1_254' title='bbox 1345 2059 1447 2152; x_wconf 87' lang='lat' dir='ltr'>puta,</span> <span class='ocrx_word' id='word_1_255' title='bbox 1462 2045 1615 2138; x_wconf 88' lang='lat' dir='ltr'>quotidie</span> <span class='ocrx_word' id='word_1_256' title='bbox 1637 2043 1707 2112; x_wconf 87' lang='lat' dir='ltr'>sere</span> <span class='ocrx_word' id='word_1_257' title='bbox 1729 2064 1821 2111; x_wconf 86' lang='lat' dir='ltr'>error</span> <span class='ocrx_word' id='word_1_258' title='bbox 1843 2044 2021 2112; x_wconf 87' lang='lat' dir='ltr'>committi·</span> 
     </span>
     <span class='ocr_line' id='line_1_21' title="bbox 344 2131 2019 2226; baseline 0.003 -28"><span class='ocrx_word' id='word_1_259' title='bbox 344 2151 410 2198; x_wconf 92' lang='lat' dir='ltr'>tur.</span> <span class='ocrx_word' id='word_1_260' title='bbox 442 2131 590 2200; x_wconf 86' lang='lat' dir='ltr'>lllultuut</span> <span class='ocrx_word' id='word_1_261' title='bbox 620 2138 712 2202; x_wconf 88' lang='lat' dir='ltr'>enim</span> <span class='ocrx_word' id='word_1_262' title='bbox 749 2135 784 2200; x_wconf 88' lang='lat' dir='ltr'>in</span> <span class='ocrx_word' id='word_1_263' title='bbox 811 2133 945 2222; x_wconf 79' lang='lat' dir='ltr'>judiciis</span> <span class='ocrx_word' id='word_1_264' title='bbox 970 2132 1077 2200; x_wconf 89' lang='lat' dir='ltr'>tribui</span> <span class='ocrx_word' id='word_1_265' title='bbox 1101 2133 1182 2200; x_wconf 90' lang='lat' dir='ltr'>solet</span> <span class='ocrx_word' id='word_1_266' title='bbox 1204 2133 1357 2224; x_wconf 79' lang='lat' dir='ltr'>opinions</span> <span class='ocrx_word' id='word_1_267' title='bbox 1379 2136 1568 2218; x_wconf 82' lang='lat' dir='ltr'>communi,</span> <span class='ocrx_word' id='word_1_268' title='bbox 1591 2157 1692 2226; x_wconf 87' lang='lat' dir='ltr'>quam</span> <span class='ocrx_word' id='word_1_269' title='bbox 1714 2133 2019 2224; x_wconf 85' lang='lat' dir='ltr'>saepiustuntiae·</span> 
     </span>
     <span class='ocr_line' id='line_1_22' title="bbox 345 2221 2019 2319; baseline 0.001 -29"><span class='ocrx_word' id='word_1_270' title='bbox 345 2225 503 2306; x_wconf 88' lang='lat' dir='ltr'>stimant,</span> <span class='ocrx_word' id='word_1_271' title='bbox 525 2237 565 2290; x_wconf 91' lang='lat' dir='ltr'>ut</span> <span class='ocrx_word' id='word_1_272' title='bbox 589 2225 624 2292; x_wconf 91' lang='lat' dir='ltr'>in</span> <span class='ocrx_word' id='word_1_273' title='bbox 648 2225 754 2316; x_wconf 87' lang='lat' dir='ltr'>ipsam</span> <span class='ocrx_word' id='word_1_274' title='bbox 778 2223 887 2316; x_wconf 90' lang='lat' dir='ltr'>legum</span> <span class='ocrx_word' id='word_1_275' title='bbox 913 2223 1085 2290; x_wconf 81' lang='lat' dir='ltr'>acritatem</span> <span class='ocrx_word' id='word_1_276' title='bbox 1110 2223 1283 2315; x_wconf 84' lang='lat' dir='ltr'>inquirere</span> <span class='ocrx_word' id='word_1_277' title='bbox 1305 2225 1548 2316; x_wconf 84' lang='lat' dir='ltr'>supersedeant.</span> <span class='ocrx_word' id='word_1_278' title='bbox 1574 2223 1660 2319; x_wconf 86' lang='lat' dir='ltr'>Ejus</span> <span class='ocrx_word' id='word_1_279' title='bbox 1681 2223 1730 2291; x_wconf 87' lang='lat' dir='ltr'>rai</span> <span class='ocrx_word' id='word_1_280' title='bbox 1756 2221 1946 2313; x_wconf 85' lang='lat' dir='ltr'>exemplum</span> <span class='ocrx_word' id='word_1_281' title='bbox 1961 2247 2019 2297; x_wconf 83' lang='lat' dir='ltr'>ex·</span> 
     </span>
     <span class='ocr_line' id='line_1_23' title="bbox 341 2311 2019 2406; baseline 0.003 -28"><span class='ocrx_word' id='word_1_282' title='bbox 341 2327 416 2388; x_wconf 74' lang='lat' dir='ltr'>‚tare</span> <span class='ocrx_word' id='word_1_283' title='bbox 439 2330 521 2404; x_wconf 90' lang='lat' dir='ltr'>puto</span> <span class='ocrx_word' id='word_1_284' title='bbox 544 2315 581 2380; x_wconf 89' lang='lat' dir='ltr'>in</span> <span class='ocrx_word' id='word_1_285' title='bbox 606 2327 802 2383; x_wconf 86' lang='lat' dir='ltr'>testamento</span> <span class='ocrx_word' id='word_1_286' title='bbox 825 2311 971 2402; x_wconf 89' lang='lat' dir='ltr'>principi</span> <span class='ocrx_word' id='word_1_287' title='bbox 996 2313 1049 2380; x_wconf 85' lang='lat' dir='ltr'>vel</span> <span class='ocrx_word' id='word_1_288' title='bbox 1074 2315 1155 2380; x_wconf 88' lang='lat' dir='ltr'>actis</span> <span class='ocrx_word' id='word_1_289' title='bbox 1179 2314 1366 2396; x_wconf 87' lang='lat' dir='ltr'>insinuato,</span> <span class='ocrx_word' id='word_1_290' title='bbox 1389 2315 1479 2406; x_wconf 92' lang='lat' dir='ltr'>quod</span> <span class='ocrx_word' id='word_1_291' title='bbox 1512 2317 1664 2383; x_wconf 87' lang='lat' dir='ltr'>omnium</span> <span class='ocrx_word' id='word_1_292' title='bbox 1693 2313 1934 2380; x_wconf 81' lang='lat' dir='ltr'>solemnitatem</span> <span class='ocrx_word' id='word_1_293' title='bbox 1963 2337 2019 2383; x_wconf 90' lang='lat' dir='ltr'>stt·</span> 
     </span>
     <span class='ocr_line' id='line_1_24' title="bbox 346 2402 2017 2512; baseline 0.002 -44"><span class='ocrx_word' id='word_1_294' title='bbox 346 2425 462 2494; x_wconf 82' lang='lat' dir='ltr'>perure</span> <span class='ocrx_word' id='word_1_295' title='bbox 486 2421 598 2472; x_wconf 87' lang='lat' dir='ltr'>monet</span> <span class='ocrx_word' id='word_1_296' title='bbox 620 2407 700 2496; x_wconf 90' lang='lat' dir='ltr'>imp.</span> <span class='ocrx_word' id='word_1_297' title='bbox 724 2407 762 2472; x_wconf 89' lang='lat' dir='ltr'>in</span> <span class='ocrx_word' id='word_1_298' title='bbox 785 2402 1055 2494; x_wconf 73' lang='lat' dir='ltr'>t.0mntnm19.</span> <span class='ocrx_word' id='word_1_299' title='bbox 1079 2425 1110 2470; x_wconf 88' lang='lat' dir='ltr'>c.</span> <span class='ocrx_word' id='word_1_300' title='bbox 1133 2403 1177 2470; x_wconf 87' lang='lat' dir='ltr'>de</span> <span class='ocrx_word' id='word_1_301' title='bbox 1198 2419 1330 2473; x_wconf 84' lang='lat' dir='ltr'>testam.</span> <span class='ocrx_word' id='word_1_302' title='bbox 1354 2405 1391 2470; x_wconf 90' lang='lat' dir='ltr'>in</span> <span class='ocrx_word' id='word_1_303' title='bbox 1415 2427 1485 2498; x_wconf 93' lang='lat' dir='ltr'>quo</span> <span class='ocrx_word' id='word_1_304' title='bbox 1507 2416 1619 2472; x_wconf 87' lang='lat' dir='ltr'>tamen</span> <span class='ocrx_word' id='word_1_305' title='bbox 1643 2403 1704 2471; x_wconf 91' lang='lat' dir='ltr'>dd.</span> <span class='ocrx_word' id='word_1_306' title='bbox 1727 2402 1797 2470; x_wconf 83' lang='lat' dir='ltr'>iere</span> <span class='ocrx_word' id='word_1_307' title='bbox 1817 2423 1934 2472; x_wconf 78' lang='lat' dir='ltr'>omnes</span> <span class='ocrx_word' id='word_1_308' title='bbox 1957 2427 2017 2512; x_wconf 84' lang='lat' dir='ltr'>pro</span> 
     </span>
     <span class='ocr_line' id='line_1_25' title="bbox 343 2491 2019 2586; baseline 0.001 -26"><span class='ocrx_word' id='word_1_309' title='bbox 343 2491 504 2584; x_wconf 89' lang='lat' dir='ltr'>requisito</span> <span class='ocrx_word' id='word_1_310' title='bbox 526 2494 676 2562; x_wconf 88' lang='lat' dir='ltr'>absolute</span> <span class='ocrx_word' id='word_1_311' title='bbox 700 2493 878 2562; x_wconf 84' lang='lat' dir='ltr'>necessario</span> <span class='ocrx_word' id='word_1_312' title='bbox 906 2494 1067 2582; x_wconf 82' lang='lat' dir='ltr'>exigunt,</span> <span class='ocrx_word' id='word_1_313' title='bbox 1098 2505 1138 2559; x_wconf 87' lang='lat' dir='ltr'>ut</span> <span class='ocrx_word' id='word_1_314' title='bbox 1171 2505 1304 2562; x_wconf 89' lang='lat' dir='ltr'>testator</span> <span class='ocrx_word' id='word_1_315' title='bbox 1337 2494 1425 2561; x_wconf 87' lang='lat' dir='ltr'>illud</span> <span class='ocrx_word' id='word_1_316' title='bbox 1457 2497 1568 2586; x_wconf 87' lang='lat' dir='ltr'>ipsum</span> <span class='ocrx_word' id='word_1_317' title='bbox 1598 2495 1636 2562; x_wconf 91' lang='lat' dir='ltr'>in</span> <span class='ocrx_word' id='word_1_318' title='bbox 1669 2513 1807 2586; x_wconf 87' lang='lat' dir='ltr'>persona</span> <span class='ocrx_word' id='word_1_319' title='bbox 1839 2491 1892 2562; x_wconf 81' lang='lat' dir='ltr'>rel</span> <span class='ocrx_word' id='word_1_320' title='bbox 1925 2515 2019 2585; x_wconf 86' lang='lat' dir='ltr'>prm·</span> 
     </span>
     <span class='ocr_line' id='line_1_26' title="bbox 343 2580 2017 2676; baseline 0.002 -28"><span class='ocrx_word' id='word_1_321' title='bbox 343 2580 412 2672; x_wconf 89' lang='lat' dir='ltr'>cipi</span> <span class='ocrx_word' id='word_1_322' title='bbox 433 2581 565 2669; x_wconf 83' lang='lat' dir='ltr'>afferat,</span> <span class='ocrx_word' id='word_1_323' title='bbox 590 2584 641 2651; x_wconf 82' lang='lat' dir='ltr'>uel</span> <span class='ocrx_word' id='word_1_324' title='bbox 663 2585 744 2652; x_wconf 86' lang='lat' dir='ltr'>actis</span> <span class='ocrx_word' id='word_1_325' title='bbox 766 2583 931 2662; x_wconf 89' lang='lat' dir='ltr'>insinuet,</span> <span class='ocrx_word' id='word_1_326' title='bbox 954 2581 1054 2665; x_wconf 85' lang='lat' dir='ltr'>adeo,</span> <span class='ocrx_word' id='word_1_327' title='bbox 1078 2599 1117 2650; x_wconf 91' lang='lat' dir='ltr'>ut</span> <span class='ocrx_word' id='word_1_328' title='bbox 1139 2583 1199 2651; x_wconf 87' lang='lat' dir='ltr'>boc</span> <span class='ocrx_word' id='word_1_329' title='bbox 1222 2585 1390 2676; x_wconf 87' lang='lat' dir='ltr'>neglecto,</span> <span class='ocrx_word' id='word_1_330' title='bbox 1413 2599 1448 2652; x_wconf 88' lang='lat' dir='ltr'>et</span> <span class='ocrx_word' id='word_1_331' title='bbox 1471 2585 1702 2653; x_wconf 83' lang='lat' dir='ltr'>insinuatione</span> <span class='ocrx_word' id='word_1_332' title='bbox 1734 2605 1795 2674; x_wconf 88' lang='lat' dir='ltr'>per</span> <span class='ocrx_word' id='word_1_333' title='bbox 1826 2597 2017 2675; x_wconf 86' lang='lat' dir='ltr'>procurato·</span> 
     </span>
     <span class='ocr_line' id='line_1_27' title="bbox 251 2671 2017 2766; baseline 0.002 -28"><span class='ocrx_word' id='word_1_334' title='bbox 251 2685 258 2694; x_wconf 84' lang='grc'><strong>“</strong></span> <span class='ocrx_word' id='word_1_335' title='bbox 345 2693 432 2754; x_wconf 87' lang='lat' dir='ltr'>rem,</span> <span class='ocrx_word' id='word_1_336' title='bbox 457 2673 556 2738; x_wconf 90' lang='lat' dir='ltr'>etiam</span> <span class='ocrx_word' id='word_1_337' title='bbox 579 2672 644 2741; x_wconf 83' lang='lat' dir='ltr'>lide</span> <span class='ocrx_word' id='word_1_338' title='bbox 666 2672 921 2766; x_wconf 85' lang='lat' dir='ltr'>dignissimum,</span> <span class='ocrx_word' id='word_1_339' title='bbox 943 2685 1003 2738; x_wconf 89' lang='lat' dir='ltr'>aut</span> <span class='ocrx_word' id='word_1_340' title='bbox 1025 2671 1177 2740; x_wconf 89' lang='lat' dir='ltr'>libellum</span> <span class='ocrx_word' id='word_1_341' title='bbox 1201 2676 1404 2764; x_wconf 87' lang='lat' dir='ltr'>supplicem,</span> <span class='ocrx_word' id='word_1_342' title='bbox 1428 2673 1533 2758; x_wconf 86' lang='lat' dir='ltr'>sacta,</span> <span class='ocrx_word' id='word_1_343' title='bbox 1557 2687 1667 2743; x_wconf 88' lang='lat' dir='ltr'>totum</span> <span class='ocrx_word' id='word_1_344' title='bbox 1691 2683 1923 2742; x_wconf 85' lang='lat' dir='ltr'>testamentum</span> <span class='ocrx_word' id='word_1_345' title='bbox 1945 2695 2017 2742; x_wconf 83' lang='lat' dir='ltr'>aar·</span> 
     </span>
     <span class='ocr_line' id='line_1_28' title="bbox 346 2761 2017 2872; baseline 0.002 -47"><span class='ocrx_word' id='word_1_346' title='bbox 346 2773 434 2826; x_wconf 90' lang='lat' dir='ltr'>ruat.</span> <span class='ocrx_word' id='word_1_347' title='bbox 458 2761 570 2850; x_wconf 88' lang='lat' dir='ltr'>Quam</span> <span class='ocrx_word' id='word_1_348' title='bbox 594 2765 812 2842; x_wconf 86' lang='lat' dir='ltr'>sententiam,</span> <span class='ocrx_word' id='word_1_349' title='bbox 835 2783 911 2827; x_wconf 89' lang='lat' dir='ltr'>cum</span> <span class='ocrx_word' id='word_1_350' title='bbox 936 2762 1019 2828; x_wconf 85' lang='lat' dir='ltr'>milti</span> <span class='ocrx_word' id='word_1_351' title='bbox 1044 2761 1158 2829; x_wconf 89' lang='lat' dir='ltr'>eadem</span> <span class='ocrx_word' id='word_1_352' title='bbox 1184 2762 1287 2830; x_wconf 80' lang='lat' dir='ltr'>favori</span> <span class='ocrx_word' id='word_1_353' title='bbox 1311 2765 1505 2831; x_wconf 90' lang='lat' dir='ltr'>ultimarum</span> <span class='ocrx_word' id='word_1_354' title='bbox 1529 2765 1929 2868; x_wconf 43' lang='lat' dir='ltr'>voluntatum‚·quarum</span> <span class='ocrx_word' id='word_1_355' title='bbox 1951 2781 2017 2872; x_wconf 52' lang='lat' dir='ltr'>ny:</span> 
     </span>
    </p>
   </div>
   <div class='ocr_carea' id='block_1_3' title="bbox 349 2849 2133 2950">
    <p class='ocr_par' dir='ltr' id='par_1_3' title="bbox 349 2849 2133 2950">
     <span class='ocr_line' id='line_1_29' title="bbox 349 2849 2133 2950; baseline 0.003 -35"><span class='ocrx_word' id='word_1_356' title='bbox 349 2849 402 2916; x_wconf 87' lang='lat' dir='ltr'>lus</span> <span class='ocrx_word' id='word_1_357' title='bbox 425 2850 512 2918; x_wconf 84' lang='lat' dir='ltr'>liber</span> <span class='ocrx_word' id='word_1_358' title='bbox 534 2875 603 2919; x_wconf 89' lang='lat' dir='ltr'>esse</span> <span class='ocrx_word' id='word_1_359' title='bbox 624 2851 738 2920; x_wconf 83' lang='lat' dir='ltr'>debet.</span> <span class='ocrx_word' id='word_1_360' title='bbox 762 2851 786 2919; x_wconf 89' lang='grc'>1.</span> <span class='ocrx_word' id='word_1_361' title='bbox 809 2849 931 2918; x_wconf 75' lang='lat' dir='ltr'>babeat</span> <span class='ocrx_word' id='word_1_362' title='bbox 955 2857 1184 2945; x_wconf 81' lang='lat' dir='ltr'>unusquisqne</span> <span class='ocrx_word' id='word_1_363' title='bbox 1204 2877 1235 2919; x_wconf 90' lang='grc' dir='ltr'>ι.</span> <span class='ocrx_word' id='word_1_364' title='bbox 1250 2875 1280 2922; x_wconf 91' lang='lat' dir='ltr'>c.</span> <span class='ocrx_word' id='word_1_365' title='bbox 1296 2853 1339 2924; x_wconf 85' lang='lat' dir='ltr'>da</span> <span class='ocrx_word' id='word_1_366' title='bbox 1358 2879 1407 2922; x_wconf 83' lang='lat' dir='ltr'>ss.</span> <span class='ocrx_word' id='word_1_367' title='bbox 1423 2855 1541 2923; x_wconf 82' lang='lat' dir='ltr'>eccles.</span> <span class='ocrx_word' id='word_1_368' title='bbox 1566 2877 1667 2948; x_wconf 88' lang='lat' dir='ltr'>quam</span> <span class='ocrx_word' id='word_1_369' title='bbox 1691 2875 1837 2920; x_wconf 76' lang='lat' dir='ltr'>maxime</span> <span class='ocrx_word' id='word_1_370' title='bbox 1860 2852 2019 2946; x_wconf 76' lang='lat' dir='ltr'>refragari</span> <span class='ocrx_word' id='word_1_371' title='bbox 2116 2933 2133 2950; x_wconf 35' lang='lat' dir='ltr'><em>f</em></span> 
     </span>
    </p>
   </div>
   <div class='ocr_carea' id='block_1_4' title="bbox 344 2939 2021 4022">
    <p class='ocr_par' dir='ltr' id='par_1_4' title="bbox 344 2939 2021 4022">
     <span class='ocr_line' id='line_1_30' title="bbox 348 2939 2019 3049; baseline 0.001 -42"><span class='ocrx_word' id='word_1_372' title='bbox 348 2939 516 3024; x_wconf 76' lang='lat' dir='ltr'>videatur,</span> <span class='ocrx_word' id='word_1_373' title='bbox 539 2942 676 3034; x_wconf 86' lang='lat' dir='ltr'>diguam</span> <span class='ocrx_word' id='word_1_374' title='bbox 699 2939 832 3024; x_wconf 90' lang='lat' dir='ltr'>censui,</span> <span class='ocrx_word' id='word_1_375' title='bbox 854 2956 894 3007; x_wconf 91' lang='lat' dir='ltr'>ut</span> <span class='ocrx_word' id='word_1_376' title='bbox 916 2941 953 3007; x_wconf 90' lang='lat' dir='ltr'>in</span> <span class='ocrx_word' id='word_1_377' title='bbox 977 2945 1049 3034; x_wconf 87' lang='lat' dir='ltr'>ejus</span> <span class='ocrx_word' id='word_1_378' title='bbox 1073 2947 1265 3025; x_wconf 84' lang='lat' dir='ltr'>veritatem,</span> <span class='ocrx_word' id='word_1_379' title='bbox 1288 2961 1322 3012; x_wconf 88' lang='lat' dir='ltr'>et</span> <span class='ocrx_word' id='word_1_380' title='bbox 1343 2968 1433 3036; x_wconf 91' lang='lat' dir='ltr'>quon</span> <span class='ocrx_word' id='word_1_381' title='bbox 1478 2969 1519 3012; x_wconf 90' lang='lat' dir='ltr'>ue</span> <span class='ocrx_word' id='word_1_382' title='bbox 1542 2943 1612 3038; x_wconf 88' lang='lat' dir='ltr'>juri</span> <span class='ocrx_word' id='word_1_383' title='bbox 1635 2955 1815 3036; x_wconf 85' lang='lat' dir='ltr'>congruat,</span> <span class='ocrx_word' id='word_1_384' title='bbox 1839 2941 1937 3036; x_wconf 91' lang='lat' dir='ltr'>paulo</span> <span class='ocrx_word' id='word_1_385' title='bbox 1960 2967 2019 3049; x_wconf 89' lang='lat' dir='ltr'>pe-</span> 
     </span>
     <span class='ocr_line' id='line_1_31' title="bbox 347 3029 2018 3126; baseline 0.005 -33"><span class='ocrx_word' id='word_1_386' title='bbox 347 3030 454 3095; x_wconf 87' lang='lat' dir='ltr'>nitius</span> <span class='ocrx_word' id='word_1_387' title='bbox 477 3029 684 3120; x_wconf 89' lang='lat' dir='ltr'>inquiratur.</span> <span class='ocrx_word' id='word_1_388' title='bbox 708 3029 948 3098; x_wconf 80' lang='lat' dir='ltr'>Benevolentia</span> <span class='ocrx_word' id='word_1_389' title='bbox 973 3054 1051 3098; x_wconf 77' lang='lat' dir='ltr'>vero</span> <span class='ocrx_word' id='word_1_390' title='bbox 1073 3031 1201 3099; x_wconf 89' lang='lat' dir='ltr'>lectoris</span> <span class='ocrx_word' id='word_1_391' title='bbox 1224 3031 1308 3100; x_wconf 89' lang='lat' dir='ltr'>mibi</span> <span class='ocrx_word' id='word_1_392' title='bbox 1334 3057 1454 3102; x_wconf 82' lang='lat' dir='ltr'>exoran</span> <span class='ocrx_word' id='word_1_393' title='bbox 1480 3059 1516 3116; x_wconf 92' lang='grc' dir='ltr'>ι,</span> <span class='ocrx_word' id='word_1_394' title='bbox 1540 3033 1667 3126; x_wconf 90' lang='lat' dir='ltr'>quippe</span> <span class='ocrx_word' id='word_1_395' title='bbox 1690 3057 1811 3125; x_wconf 89' lang='lat' dir='ltr'>paucas</span> <span class='ocrx_word' id='word_1_396' title='bbox 1834 3043 2018 3103; x_wconf 77' lang='lat' dir='ltr'>sententiaa</span> 
     </span>
     <span class='ocr_line' id='line_1_32' title="bbox 345 3117 2020 3218; baseline 0.004 -33"><span class='ocrx_word' id='word_1_397' title='bbox 345 3142 438 3186; x_wconf 88' lang='lat' dir='ltr'>meae</span> <span class='ocrx_word' id='word_1_398' title='bbox 461 3118 614 3188; x_wconf 80' lang='lat' dir='ltr'>invenire</span> <span class='ocrx_word' id='word_1_399' title='bbox 639 3122 735 3213; x_wconf 90' lang='lat' dir='ltr'>potui</span> <span class='ocrx_word' id='word_1_400' title='bbox 760 3136 922 3213; x_wconf 87' lang='lat' dir='ltr'>patronos.</span> <span class='ocrx_word' id='word_1_401' title='bbox 946 3117 1050 3188; x_wconf 77' lang='lat' dir='ltr'>Nemo</span> <span class='ocrx_word' id='word_1_402' title='bbox 1072 3144 1168 3214; x_wconf 89' lang='lat' dir='ltr'>aegre</span> <span class='ocrx_word' id='word_1_403' title='bbox 1191 3120 1295 3202; x_wconf 82' lang='lat' dir='ltr'>ieret,</span> <span class='ocrx_word' id='word_1_404' title='bbox 1310 3148 1329 3191; x_wconf 91' lang='lat' dir='ltr'>a</span> <span class='ocrx_word' id='word_1_405' title='bbox 1344 3125 1513 3192; x_wconf 87' lang='lat' dir='ltr'>communi</span> <span class='ocrx_word' id='word_1_406' title='bbox 1535 3122 1641 3192; x_wconf 85' lang='lat' dir='ltr'>schola</span> <span class='ocrx_word' id='word_1_407' title='bbox 1657 3135 1691 3190; x_wconf 91' lang='lat' dir='ltr'>et</span> <span class='ocrx_word' id='word_1_408' title='bbox 1714 3123 1797 3190; x_wconf 89' lang='lat' dir='ltr'>sorte</span> <span class='ocrx_word' id='word_1_409' title='bbox 1819 3121 2020 3218; x_wconf 82' lang='lat' dir='ltr'>judiciorum</span> 
     </span>
     <span class='ocr_line' id='line_1_33' title="bbox 348 3207 2017 3314; baseline 0.005 -41"><span class='ocrx_word' id='word_1_410' title='bbox 348 3209 442 3314; x_wconf 81' lang='lat' dir='ltr'>praxi</span> <span class='ocrx_word' id='word_1_411' title='bbox 463 3232 516 3274; x_wconf 91' lang='lat' dir='ltr'>me</span> <span class='ocrx_word' id='word_1_412' title='bbox 538 3207 720 3278; x_wconf 83' lang='lat' dir='ltr'>diuortium</span> <span class='ocrx_word' id='word_1_413' title='bbox 743 3211 868 3276; x_wconf 74' lang='lat' dir='ltr'>iecisse:</span> <span class='ocrx_word' id='word_1_414' title='bbox 885 3231 963 3276; x_wconf 90' lang='lat' dir='ltr'>nam</span> <span class='ocrx_word' id='word_1_415' title='bbox 985 3221 1019 3275; x_wconf 91' lang='lat' dir='ltr'>et</span> <span class='ocrx_word' id='word_1_416' title='bbox 1043 3213 1079 3276; x_wconf 89' lang='lat' dir='ltr'>in</span> <span class='ocrx_word' id='word_1_417' title='bbox 1094 3213 1317 3278; x_wconf 88' lang='lat' dir='ltr'>communiter</span> <span class='ocrx_word' id='word_1_418' title='bbox 1331 3216 1471 3304; x_wconf 90' lang='lat' dir='ltr'>receptis</span> <span class='ocrx_word' id='word_1_419' title='bbox 1486 3215 1634 3283; x_wconf 82' lang='lat' dir='ltr'>veritatis</span> <span class='ocrx_word' id='word_1_420' title='bbox 1647 3214 1825 3306; x_wconf 84' lang='lat' dir='ltr'>inquisitio</span> <span class='ocrx_word' id='word_1_421' title='bbox 1840 3236 2017 3306; x_wconf 88' lang='lat' dir='ltr'>uunquam</span> 
     </span>
     <span class='ocr_line' id='line_1_34' title="bbox 347 3297 2021 3395; baseline 0.005 -31"><span class='ocrx_word' id='word_1_422' title='bbox 347 3297 533 3365; x_wconf 75' lang='lat' dir='ltr'>interdicta.</span> <span class='ocrx_word' id='word_1_423' title='bbox 557 3297 661 3366; x_wconf 85' lang='lat' dir='ltr'>Fallit</span> <span class='ocrx_word' id='word_1_424' title='bbox 682 3301 813 3390; x_wconf 82' lang='lat' dir='ltr'>saepius</span> <span class='ocrx_word' id='word_1_425' title='bbox 836 3299 922 3364; x_wconf 83' lang='lat' dir='ltr'>lama</span> <span class='ocrx_word' id='word_1_426' title='bbox 947 3299 1100 3390; x_wconf 75' lang='lat' dir='ltr'>publicas</span> <span class='ocrx_word' id='word_1_427' title='bbox 1124 3300 1210 3367; x_wconf 84' lang='lat' dir='ltr'>fallit</span> <span class='ocrx_word' id='word_1_428' title='bbox 1232 3317 1266 3367; x_wconf 88' lang='lat' dir='ltr'>et</span> <span class='ocrx_word' id='word_1_429' title='bbox 1287 3301 1472 3370; x_wconf 89' lang='lat' dir='ltr'>communis</span> <span class='ocrx_word' id='word_1_430' title='bbox 1492 3305 1618 3393; x_wconf 91' lang='lat' dir='ltr'>opinio.</span> <span class='ocrx_word' id='word_1_431' title='bbox 1643 3303 1710 3370; x_wconf 73' lang='lat' dir='ltr'>ttae</span> <span class='ocrx_word' id='word_1_432' title='bbox 1733 3305 1890 3395; x_wconf 87' lang='lat' dir='ltr'>majorem</span> <span class='ocrx_word' id='word_1_433' title='bbox 1913 3327 2021 3373; x_wconf 87' lang='lat' dir='ltr'>mere·</span> 
     </span>
     <span class='ocr_line' id='line_1_35' title="bbox 346 3387 2020 3485; baseline 0.006 -32"><span class='ocrx_word' id='word_1_434' title='bbox 346 3387 442 3456; x_wconf 92' lang='lat' dir='ltr'>bitur</span> <span class='ocrx_word' id='word_1_435' title='bbox 464 3387 646 3454; x_wconf 91' lang='lat' dir='ltr'>multitudo</span> <span class='ocrx_word' id='word_1_436' title='bbox 660 3389 832 3456; x_wconf 86' lang='lat' dir='ltr'>doctorum</span> <span class='ocrx_word' id='word_1_437' title='bbox 855 3410 1044 3470; x_wconf 85' lang='lat' dir='ltr'>assensum,</span> <span class='ocrx_word' id='word_1_438' title='bbox 1067 3411 1168 3481; x_wconf 88' lang='lat' dir='ltr'>quam</span> <span class='ocrx_word' id='word_1_439' title='bbox 1192 3402 1339 3457; x_wconf 88' lang='lat' dir='ltr'>meretur</span> <span class='ocrx_word' id='word_1_440' title='bbox 1361 3391 1445 3458; x_wconf 90' lang='lat' dir='ltr'>ratio</span> <span class='ocrx_word' id='word_1_441' title='bbox 1460 3415 1521 3483; x_wconf 89' lang='lat' dir='ltr'>pro</span> <span class='ocrx_word' id='word_1_442' title='bbox 1536 3392 1667 3485; x_wconf 84' lang='lat' dir='ltr'>uulgari</span> <span class='ocrx_word' id='word_1_443' title='bbox 1682 3393 1844 3483; x_wconf 89' lang='lat' dir='ltr'>opinione</span> <span class='ocrx_word' id='word_1_444' title='bbox 1861 3393 1896 3458; x_wconf 92' lang='lat' dir='ltr'>in</span> <span class='ocrx_word' id='word_1_445' title='bbox 1915 3395 2020 3462; x_wconf 86' lang='lat' dir='ltr'>medi·</span> 
     </span>
     <span class='ocr_line' id='line_1_36' title="bbox 346 3476 2016 3574; baseline 0.005 -32"><span class='ocrx_word' id='word_1_446' title='bbox 346 3501 405 3542; x_wconf 90' lang='lat' dir='ltr'>um</span> <span class='ocrx_word' id='word_1_447' title='bbox 445 3476 590 3544; x_wconf 87' lang='lat' dir='ltr'>roducta.</span> <span class='ocrx_word' id='word_1_448' title='bbox 607 3477 740 3547; x_wconf 87' lang='lat' dir='ltr'>Faciam</span> <span class='ocrx_word' id='word_1_449' title='bbox 759 3500 834 3544; x_wconf 83' lang='lat' dir='ltr'>vero</span> <span class='ocrx_word' id='word_1_450' title='bbox 849 3477 910 3545; x_wconf 89' lang='lat' dir='ltr'>boc</span> <span class='ocrx_word' id='word_1_451' title='bbox 924 3499 1024 3544; x_wconf 89' lang='lat' dir='ltr'>omne</span> <span class='ocrx_word' id='word_1_452' title='bbox 1040 3478 1201 3564; x_wconf 75' lang='lat' dir='ltr'>breviter3</span> <span class='ocrx_word' id='word_1_453' title='bbox 1217 3501 1278 3546; x_wconf 83' lang='lat' dir='ltr'>neo</span> <span class='ocrx_word' id='word_1_454' title='bbox 1293 3479 1383 3547; x_wconf 91' lang='lat' dir='ltr'>enim</span> <span class='ocrx_word' id='word_1_455' title='bbox 1401 3503 1537 3573; x_wconf 81' lang='lat' dir='ltr'>sartago</span> <span class='ocrx_word' id='word_1_456' title='bbox 1552 3483 1785 3574; x_wconf 86' lang='lat' dir='ltr'>negotiorum,</span> <span class='ocrx_word' id='word_1_457' title='bbox 1799 3483 1929 3574; x_wconf 88' lang='lat' dir='ltr'>quibus</span> <span class='ocrx_word' id='word_1_458' title='bbox 1944 3508 2016 3552; x_wconf 87' lang='lat' dir='ltr'>mea</span> 
     </span>
     <span class='ocr_line' id='line_1_37' title="bbox 345 3501 2020 3662; baseline 0.005 -30"><span class='ocrx_word' id='word_1_459' title='bbox 345 3589 398 3632; x_wconf 86' lang='lat' dir='ltr'>me</span> <span class='ocrx_word' id='word_1_460' title='bbox 414 3501 598 3634; x_wconf 79' lang='lat' dir='ltr'>districtum</span> <span class='ocrx_word' id='word_1_461' title='bbox 616 3579 706 3636; x_wconf 86' lang='lat' dir='ltr'>tenet</span> <span class='ocrx_word' id='word_1_462' title='bbox 722 3565 865 3650; x_wconf 86' lang='lat' dir='ltr'>iunctio,</span> <span class='ocrx_word' id='word_1_463' title='bbox 878 3577 1012 3636; x_wconf 82' lang='lat' dir='ltr'>tuntum</span> <span class='ocrx_word' id='word_1_464' title='bbox 1028 3569 1184 3658; x_wconf 88' lang='lat' dir='ltr'>temporis</span> <span class='ocrx_word' id='word_1_465' title='bbox 1200 3567 1356 3650; x_wconf 83' lang='lat' dir='ltr'>indulsit,</span> <span class='ocrx_word' id='word_1_466' title='bbox 1373 3585 1410 3636; x_wconf 88' lang='lat' dir='ltr'>ut</span> <span class='ocrx_word' id='word_1_467' title='bbox 1422 3593 1467 3637; x_wconf 82' lang='lat' dir='ltr'>ex</span> <span class='ocrx_word' id='word_1_468' title='bbox 1482 3573 1628 3662; x_wconf 80' lang='lat' dir='ltr'>professo</span> <span class='ocrx_word' id='word_1_469' title='bbox 1644 3571 1753 3640; x_wconf 90' lang='lat' dir='ltr'>tbema</span> <span class='ocrx_word' id='word_1_470' title='bbox 1768 3569 1829 3640; x_wconf 88' lang='lat' dir='ltr'>boc</span> <span class='ocrx_word' id='word_1_471' title='bbox 1844 3571 2020 3644; x_wconf 87' lang='lat' dir='ltr'>enucleare</span> 
     </span>
     <span class='ocr_line' id='line_1_38' title="bbox 344 3653 2019 3766; baseline 0.008 -47"><span class='ocrx_word' id='word_1_472' title='bbox 344 3655 488 3723; x_wconf 90' lang='lat' dir='ltr'>licuerit.</span> <span class='ocrx_word' id='word_1_473' title='bbox 501 3655 712 3724; x_wconf 77' lang='lat' dir='ltr'>Praemittens</span> <span class='ocrx_word' id='word_1_474' title='bbox 728 3653 996 3749; x_wconf 86' lang='lat' dir='ltr'>priusgeneralia</span> <span class='ocrx_word' id='word_1_475' title='bbox 1009 3655 1052 3724; x_wconf 92' lang='lat' dir='ltr'>ad</span> <span class='ocrx_word' id='word_1_476' title='bbox 1068 3657 1237 3724; x_wconf 88' lang='lat' dir='ltr'>materiam</span> <span class='ocrx_word' id='word_1_477' title='bbox 1253 3657 1425 3748; x_wconf 79' lang='lat' dir='ltr'>iacientin3</span> <span class='ocrx_word' id='word_1_478' title='bbox 1439 3657 1601 3728; x_wconf 87' lang='lat' dir='ltr'>adducam</span> <span class='ocrx_word' id='word_1_479' title='bbox 1617 3674 1728 3766; x_wconf 89' lang='lat' dir='ltr'>postea</span> <span class='ocrx_word' id='word_1_480' title='bbox 1743 3663 1930 3729; x_wconf 86' lang='lat' dir='ltr'>communia</span> <span class='ocrx_word' id='word_1_481' title='bbox 1944 3686 2019 3732; x_wconf 83' lang='lat' dir='ltr'>seu-</span> 
     </span>
     <span class='ocr_line' id='line_1_39' title="bbox 344 3743 2018 3840; baseline 0.005 -28"><span class='ocrx_word' id='word_1_482' title='bbox 344 3747 469 3812; x_wconf 87' lang='lat' dir='ltr'>tentiae</span> <span class='ocrx_word' id='word_1_483' title='bbox 492 3743 727 3829; x_wconf 80' lang='lat' dir='ltr'>fundamenta,</span> <span class='ocrx_word' id='word_1_484' title='bbox 751 3745 881 3840; x_wconf 84' lang='lat' dir='ltr'>quibus</span> <span class='ocrx_word' id='word_1_485' title='bbox 905 3769 995 3815; x_wconf 89' lang='lat' dir='ltr'>meas</span> <span class='ocrx_word' id='word_1_486' title='bbox 1017 3747 1160 3814; x_wconf 88' lang='lat' dir='ltr'>rationes</span> <span class='ocrx_word' id='word_1_487' title='bbox 1182 3747 1409 3840; x_wconf 84' lang='lat' dir='ltr'>subjungam,</span> <span class='ocrx_word' id='word_1_488' title='bbox 1431 3767 1466 3816; x_wconf 87' lang='lat' dir='ltr'>et</span> <span class='ocrx_word' id='word_1_489' title='bbox 1486 3769 1649 3820; x_wconf 77' lang='lat' dir='ltr'>contraria</span> <span class='ocrx_word' id='word_1_490' title='bbox 1674 3750 1822 3819; x_wconf 77' lang='lat' dir='ltr'>breviter</span> <span class='ocrx_word' id='word_1_491' title='bbox 1836 3751 2018 3836; x_wconf 76' lang='lat' dir='ltr'>resolvam,</span> 
     </span>
     <span class='ocr_line' id='line_1_40' title="bbox 345 3834 2019 3930; baseline 0.006 -28"><span class='ocrx_word' id='word_1_492' title='bbox 345 3847 384 3902; x_wconf 89' lang='lat' dir='ltr'>ut</span> <span class='ocrx_word' id='word_1_493' title='bbox 407 3835 488 3900; x_wconf 87' lang='lat' dir='ltr'>inda</span> <span class='ocrx_word' id='word_1_494' title='bbox 510 3834 595 3926; x_wconf 88' lang='lat' dir='ltr'>quid</span> <span class='ocrx_word' id='word_1_495' title='bbox 620 3837 689 3905; x_wconf 81' lang='lat' dir='ltr'>reri</span> <span class='ocrx_word' id='word_1_496' title='bbox 715 3839 878 3928; x_wconf 87' lang='lat' dir='ltr'>utrinqne</span> <span class='ocrx_word' id='word_1_497' title='bbox 900 3837 1024 3917; x_wconf 87' lang='lat' dir='ltr'>subsit,</span> <span class='ocrx_word' id='word_1_498' title='bbox 1047 3859 1086 3903; x_wconf 91' lang='lat' dir='ltr'>eo</span> <span class='ocrx_word' id='word_1_499' title='bbox 1107 3834 1292 3908; x_wconf 86' lang='lat' dir='ltr'>dilucidius</span> <span class='ocrx_word' id='word_1_500' title='bbox 1314 3850 1483 3930; x_wconf 84' lang='lat' dir='ltr'>appareat·</span> <span class='ocrx_word' id='word_1_501' title='bbox 1500 3839 1592 3911; x_wconf 87' lang='lat' dir='ltr'>Deus</span> <span class='ocrx_word' id='word_1_502' title='bbox 1614 3862 1647 3908; x_wconf 92' lang='lat' dir='ltr'>o.</span> <span class='ocrx_word' id='word_1_503' title='bbox 1661 3865 1707 3908; x_wconf 88' lang='lat' dir='ltr'>m.</span> <span class='ocrx_word' id='word_1_504' title='bbox 1734 3839 2019 3912; x_wconf 78' lang='lat' dir='ltr'>mibiclenaentis·</span> 
     </span>
     <span class='ocr_line' id='line_1_41' title="bbox 344 3924 1493 4022; baseline 0.005 -31"><span class='ocrx_word' id='word_1_505' title='bbox 344 3927 427 3991; x_wconf 91' lang='lat' dir='ltr'>sime</span> <span class='ocrx_word' id='word_1_506' title='bbox 449 3924 591 4006; x_wconf 73' lang='lat' dir='ltr'>resinat,</span> <span class='ocrx_word' id='word_1_507' title='bbox 614 3939 647 3992; x_wconf 89' lang='lat' dir='ltr'>et</span> <span class='ocrx_word' id='word_1_508' title='bbox 672 3926 794 3995; x_wconf 90' lang='lat' dir='ltr'>laboris</span> <span class='ocrx_word' id='word_1_509' title='bbox 817 3949 980 3996; x_wconf 78' lang='lat' dir='ltr'>sumessua</span> <span class='ocrx_word' id='word_1_510' title='bbox 1001 3925 1208 3996; x_wconf 78' lang='lat' dir='ltr'>felicissimos</span> <span class='ocrx_word' id='word_1_511' title='bbox 1229 3927 1400 4022; x_wconf 85' lang='lat' dir='ltr'>largiatur.</span> <span class='ocrx_word' id='word_1_512' title='bbox 1490 3961 1493 3969; x_wconf 90' lang='lat'><strong>·</strong></span> 
     </span>
    </p>
   </div>
   <div class='ocr_carea' id='block_1_5' title="bbox 264 4105 2022 5606">
    <p class='ocr_par' dir='ltr' id='par_1_5' title="bbox 264 4105 2022 5606">
     <span class='ocr_line' id='line_1_42' title="bbox 582 4105 2012 4186; baseline 0.005 -23"><span class='ocrx_word' id='word_1_513' title='bbox 582 4105 604 4156; x_wconf 78' lang='lat' dir='ltr'><em>S</em></span> <span class='ocrx_word' id='word_1_514' title='bbox 624 4107 704 4163; x_wconf 77' lang='grc'><strong>1111</strong></span> <span class='ocrx_word' id='word_1_515' title='bbox 716 4109 754 4162; x_wconf 82' lang='lat' dir='ltr'>tt</span> <span class='ocrx_word' id='word_1_516' title='bbox 767 4109 795 4164; x_wconf 99' lang='lat' dir='ltr'><em>A</em></span> <span class='ocrx_word' id='word_1_517' title='bbox 816 4111 842 4165; x_wconf 84' lang='lat' dir='ltr'>n</span> <span class='ocrx_word' id='word_1_518' title='bbox 860 4111 878 4165; x_wconf 89' lang='lat' dir='ltr'>t</span> <span class='ocrx_word' id='word_1_519' title='bbox 893 4111 921 4166; x_wconf 99' lang='lat' dir='ltr'><em>A</em></span> <span class='ocrx_word' id='word_1_520' title='bbox 1213 4111 1413 4166; x_wconf 74' lang='lat' dir='ltr'>Testamentum</span> <span class='ocrx_word' id='word_1_521' title='bbox 1423 4110 1542 4186; x_wconf 78' lang='lat' dir='ltr'>principi</span> <span class='ocrx_word' id='word_1_522' title='bbox 1551 4111 1671 4168; x_wconf 76' lang='lat' dir='ltr'>adlatum</span> <span class='ocrx_word' id='word_1_523' title='bbox 1682 4129 1721 4169; x_wconf 84' lang='lat' dir='ltr'>en</span> <span class='ocrx_word' id='word_1_524' title='bbox 1734 4113 1771 4168; x_wconf 87' lang='lat' dir='ltr'>sit</span> <span class='ocrx_word' id='word_1_525' title='bbox 1779 4109 1916 4169; x_wconf 79' lang='lat' dir='ltr'>solenne?</span> <span class='ocrx_word' id='word_1_526' title='bbox 1927 4131 1957 4168; x_wconf 93' lang='grc' dir='ltr'>ιι.</span> <span class='ocrx_word' id='word_1_527' title='bbox 1965 4116 2012 4170; x_wconf 81' lang='lat'>18.</span> 
     </span>
     <span class='ocr_line' id='line_1_43' title="bbox 1207 4195 2022 4270; baseline 0.004 -21"><span class='ocrx_word' id='word_1_528' title='bbox 1207 4196 1238 4249; x_wconf 93' lang='lat' dir='ltr'><em>A</em></span> <span class='ocrx_word' id='word_1_529' title='bbox 1248 4212 1302 4264; x_wconf 81' lang='lat' dir='ltr'>pua</span> <span class='ocrx_word' id='word_1_530' title='bbox 1315 4195 1513 4268; x_wconf 76' lang='lat' dir='ltr'>introductum,</span> <span class='ocrx_word' id='word_1_531' title='bbox 1525 4207 1556 4254; x_wconf 88' lang='lat' dir='ltr'>ut</span> <span class='ocrx_word' id='word_1_532' title='bbox 1566 4197 1646 4254; x_wconf 74' lang='grc' dir='ltr'><strong>Ιὶιεαι</strong></span> <span class='ocrx_word' id='word_1_533' title='bbox 1656 4207 1845 4252; x_wconf 67' lang='lat' dir='ltr'>mntem</span> <span class='ocrx_word' id='word_1_534' title='bbox 1852 4195 1970 4269; x_wconf 78' lang='lat' dir='ltr'>principi</span> <span class='ocrx_word' id='word_1_535' title='bbox 1977 4200 2022 4270; x_wconf 85' lang='lat' dir='ltr'>os-</span> 
     </span>
     <span class='ocr_line' id='line_1_44' title="bbox 347 4272 1429 4348; baseline 0.006 -23"><span class='ocrx_word' id='word_1_536' title='bbox 347 4273 496 4340; x_wconf 59' lang='lat' dir='ltr'>Ingressus.</span> <span class='ocrx_word' id='word_1_537' title='bbox 510 4287 538 4321; x_wconf 94' lang='grc' dir='ltr'>ιι.</span> <span class='ocrx_word' id='word_1_538' title='bbox 550 4272 576 4321; x_wconf 91' lang='grc'>1.</span> <span class='ocrx_word' id='word_1_539' title='bbox 1233 4277 1333 4348; x_wconf 73' lang='lat' dir='ltr'>fine?</span> <span class='ocrx_word' id='word_1_540' title='bbox 1343 4296 1371 4332; x_wconf 93' lang='grc' dir='ltr'>ιι.</span> <span class='ocrx_word' id='word_1_541' title='bbox 1386 4279 1429 4332; x_wconf 81' lang='lat' dir='ltr'>ta.</span> 
     </span>
     <span class='ocr_line' id='line_1_45' title="bbox 344 4353 1523 4433; baseline 0.007 -24"><span class='ocrx_word' id='word_1_542' title='bbox 344 4357 389 4410; x_wconf 81' lang='lat' dir='ltr'>Dc</span> <span class='ocrx_word' id='word_1_543' title='bbox 401 4353 508 4425; x_wconf 68' lang='lat' dir='ltr'>origine</span> <span class='ocrx_word' id='word_1_544' title='bbox 519 4363 750 4413; x_wconf 86' lang='lat' dir='ltr'>testamentorum.</span> <span class='ocrx_word' id='word_1_545' title='bbox 765 4375 793 4412; x_wconf 92' lang='grc' dir='ltr'>ιι.</span> <span class='ocrx_word' id='word_1_546' title='bbox 806 4357 832 4409; x_wconf 78' lang='grc'>1.</span> <span class='ocrx_word' id='word_1_547' title='bbox 1205 4357 1277 4433; x_wconf 67' lang='lat' dir='ltr'>Eius</span> <span class='ocrx_word' id='word_1_548' title='bbox 1289 4359 1427 4432; x_wconf 78' lang='lat' dir='ltr'>requisita</span> <span class='ocrx_word' id='word_1_549' title='bbox 1438 4379 1468 4416; x_wconf 86' lang='grc' dir='ltr'>ιι.</span> <span class='ocrx_word' id='word_1_550' title='bbox 1478 4359 1523 4417; x_wconf 78' lang='grc'>10.</span> 
     </span>
     <span class='ocr_line' id='line_1_46' title="bbox 347 4435 1594 4502; baseline 0.01 -12"><span class='ocrx_word' id='word_1_551' title='bbox 347 4435 500 4490; x_wconf 84' lang='lat' dir='ltr'>Fucuitatir</span> <span class='ocrx_word' id='word_1_552' title='bbox 510 4437 591 4491; x_wconf 87' lang='lat' dir='ltr'>ratio.</span> <span class='ocrx_word' id='word_1_553' title='bbox 604 4457 633 4490; x_wconf 91' lang='grc' dir='ltr'>ιι.</span> <span class='ocrx_word' id='word_1_554' title='bbox 647 4441 674 4492; x_wconf 77' lang='grc'>8.</span> <span class='ocrx_word' id='word_1_555' title='bbox 1211 4443 1320 4500; x_wconf 76' lang='lat' dir='ltr'>ottun</span> <span class='ocrx_word' id='word_1_556' title='bbox 1333 4445 1494 4502; x_wconf 83' lang='lat' dir='ltr'>testamenti.</span> <span class='ocrx_word' id='word_1_557' title='bbox 1505 4465 1533 4502; x_wconf 92' lang='grc' dir='ltr'>ιι.</span> <span class='ocrx_word' id='word_1_558' title='bbox 1546 4446 1594 4502; x_wconf 79' lang='lat' dir='ltr'>at.</span> 
     </span>
     <span class='ocr_line' id='line_1_47' title="bbox 347 4519 1520 4600; baseline 0.009 -27"><span class='ocrx_word' id='word_1_559' title='bbox 347 4521 442 4588; x_wconf 84' lang='lat' dir='ltr'>(luure</span> <span class='ocrx_word' id='word_1_560' title='bbox 454 4528 615 4576; x_wconf 80' lang='lat' dir='ltr'>testamento</span> <span class='ocrx_word' id='word_1_561' title='bbox 627 4521 752 4592; x_wconf 78' lang='lat' dir='ltr'>receptat</span> <span class='ocrx_word' id='word_1_562' title='bbox 765 4539 794 4576; x_wconf 95' lang='grc' dir='ltr'>ιι.</span> <span class='ocrx_word' id='word_1_563' title='bbox 807 4519 832 4574; x_wconf 72' lang='lat' dir='ltr'>i·</span> <span class='ocrx_word' id='word_1_564' title='bbox 1208 4526 1279 4598; x_wconf 72' lang='lat' dir='ltr'>Eius</span> <span class='ocrx_word' id='word_1_565' title='bbox 1289 4529 1423 4600; x_wconf 76' lang='lat' dir='ltr'>acceptio·</span> <span class='ocrx_word' id='word_1_566' title='bbox 1434 4547 1463 4585; x_wconf 89' lang='lat' dir='ltr'>n.</span> <span class='ocrx_word' id='word_1_567' title='bbox 1475 4531 1520 4584; x_wconf 74' lang='lat'>22</span> 
     </span>
     <span class='ocr_line' id='line_1_48' title="bbox 343 4602 1640 4685; baseline 0.009 -27"><span class='ocrx_word' id='word_1_568' title='bbox 343 4603 561 4658; x_wconf 60' lang='lat' dir='ltr'>&amp;seclusione</span> <span class='ocrx_word' id='word_1_569' title='bbox 569 4602 703 4675; x_wconf 78' lang='lat' dir='ltr'>fratrum,</span> <span class='ocrx_word' id='word_1_570' title='bbox 717 4623 745 4661; x_wconf 90' lang='lat' dir='ltr'>n.</span> <span class='ocrx_word' id='word_1_571' title='bbox 756 4607 782 4661; x_wconf 83' lang='lat' dir='ltr'>ii.</span> <span class='ocrx_word' id='word_1_572' title='bbox 1207 4613 1258 4662; x_wconf 88' lang='lat' dir='ltr'>An</span> <span class='ocrx_word' id='word_1_573' title='bbox 1271 4611 1401 4682; x_wconf 76' lang='lat' dir='ltr'>rescripto</span> <span class='ocrx_word' id='word_1_574' title='bbox 1413 4629 1482 4685; x_wconf 87' lang='lat' dir='ltr'>opus</span> <span class='ocrx_word' id='word_1_575' title='bbox 1493 4611 1584 4668; x_wconf 77' lang='lat' dir='ltr'>sitin.</span> <span class='ocrx_word' id='word_1_576' title='bbox 1596 4613 1640 4670; x_wconf 73' lang='grc'>18.</span> 
     </span>
     <span class='ocr_line' id='line_1_49' title="bbox 342 4687 1705 4758; baseline 0.008 -20"><span class='ocrx_word' id='word_1_577' title='bbox 342 4687 438 4741; x_wconf 80' lang='lat' dir='ltr'>Fauor</span> <span class='ocrx_word' id='word_1_578' title='bbox 449 4691 672 4745; x_wconf 81' lang='lat' dir='ltr'>testamentarius</span> <span class='ocrx_word' id='word_1_579' title='bbox 685 4689 875 4758; x_wconf 74' lang='lat' dir='ltr'>dispositionis.</span> <span class='ocrx_word' id='word_1_580' title='bbox 887 4708 914 4747; x_wconf 92' lang='lat' dir='ltr'>n.</span> <span class='ocrx_word' id='word_1_581' title='bbox 925 4691 953 4747; x_wconf 77' lang='lat' dir='ltr'>d.</span> <span class='ocrx_word' id='word_1_582' title='bbox 1206 4695 1369 4751; x_wconf 85' lang='lat' dir='ltr'>Asseruatia</span> <span class='ocrx_word' id='word_1_583' title='bbox 1383 4695 1412 4750; x_wconf 89' lang='lat' dir='ltr'>t&#39;n</span> <span class='ocrx_word' id='word_1_584' title='bbox 1425 4695 1603 4753; x_wconf 72' lang='lat' dir='ltr'>canmliuria·</span> <span class='ocrx_word' id='word_1_585' title='bbox 1616 4715 1645 4750; x_wconf 91' lang='grc' dir='ltr'>ιι.</span> <span class='ocrx_word' id='word_1_586' title='bbox 1660 4694 1705 4750; x_wconf 72' lang='grc'>11.</span> 
     </span>
     <span class='ocr_line' id='line_1_50' title="bbox 264 4771 1676 4848; baseline 0.008 -26"><span class='ocrx_word' id='word_1_587' title='bbox 264 4772 267 4782; x_wconf 86' lang='grc'><strong>”</strong></span> <span class='ocrx_word' id='word_1_588' title='bbox 348 4771 515 4823; x_wconf 82' lang='lat' dir='ltr'>Testamenta</span> <span class='ocrx_word' id='word_1_589' title='bbox 525 4782 655 4842; x_wconf 77' lang='lat' dir='ltr'>quatenus</span> <span class='ocrx_word' id='word_1_590' title='bbox 662 4773 735 4843; x_wconf 76' lang='lat' dir='ltr'>iuris</span> <span class='ocrx_word' id='word_1_591' title='bbox 746 4774 862 4844; x_wconf 62' lang='grc' dir='ltr'>ριιὶιὶἰιὶ.β</span> <span class='ocrx_word' id='word_1_592' title='bbox 873 4794 901 4828; x_wconf 92' lang='grc' dir='ltr'>ιι.</span> <span class='ocrx_word' id='word_1_593' title='bbox 912 4776 939 4827; x_wconf 86' lang='grc'>’1.</span> <span class='ocrx_word' id='word_1_594' title='bbox 1206 4776 1250 4832; x_wconf 85' lang='lat' dir='ltr'>De</span> <span class='ocrx_word' id='word_1_595' title='bbox 1259 4786 1366 4834; x_wconf 84' lang='lat' dir='ltr'>tertam.</span> <span class='ocrx_word' id='word_1_596' title='bbox 1374 4776 1464 4848; x_wconf 76' lang='lat' dir='ltr'>judtct</span> <span class='ocrx_word' id='word_1_597' title='bbox 1473 4778 1578 4833; x_wconf 81' lang='lat' dir='ltr'>alluta.</span> <span class='ocrx_word' id='word_1_598' title='bbox 1589 4795 1617 4834; x_wconf 93' lang='lat' dir='ltr'>n.</span> <span class='ocrx_word' id='word_1_599' title='bbox 1630 4780 1676 4834; x_wconf 71' lang='lat'>25.</span> 
     </span>
     <span class='ocr_line' id='line_1_51' title="bbox 344 4854 1709 4930; baseline 0.009 -25"><span class='ocrx_word' id='word_1_600' title='bbox 344 4854 451 4927; x_wconf 83' lang='lat' dir='ltr'>anacir&#39;</span> <span class='ocrx_word' id='word_1_601' title='bbox 461 4854 556 4925; x_wconf 83' lang='lat' dir='ltr'>opinio</span> <span class='ocrx_word' id='word_1_602' title='bbox 568 4855 642 4912; x_wconf 78' lang='grc' dir='ltr'><strong>σιίιιι</strong></span> <span class='ocrx_word' id='word_1_603' title='bbox 654 4856 839 4929; x_wconf 71' lang='lat' dir='ltr'>origenem.</span> <span class='ocrx_word' id='word_1_604' title='bbox 853 4857 879 4910; x_wconf 79' lang='grc'>8.</span> <span class='ocrx_word' id='word_1_605' title='bbox 1207 4861 1252 4914; x_wconf 81' lang='lat' dir='ltr'>Dc</span> <span class='ocrx_word' id='word_1_606' title='bbox 1258 4863 1413 4930; x_wconf 79' lang='lat' dir='ltr'>praesentia</span> <span class='ocrx_word' id='word_1_607' title='bbox 1424 4862 1611 4918; x_wconf 77' lang='lat' dir='ltr'>sentinarum.</span> <span class='ocrx_word' id='word_1_608' title='bbox 1625 4881 1653 4920; x_wconf 92' lang='grc' dir='ltr'>ιι.</span> <span class='ocrx_word' id='word_1_609' title='bbox 1665 4863 1709 4918; x_wconf 71' lang='grc'>10.</span> 
     </span>
     <span class='ocr_line' id='line_1_52' title="bbox 344 4935 1494 5006; baseline 0.01 -16"><span class='ocrx_word' id='word_1_610' title='bbox 344 4935 539 5006; x_wconf 72' lang='lat' dir='ltr'>Distinpnitur.</span> <span class='ocrx_word' id='word_1_611' title='bbox 552 4957 580 4994; x_wconf 89' lang='grc' dir='ltr'>ιι.</span> <span class='ocrx_word' id='word_1_612' title='bbox 592 4941 619 4994; x_wconf 84' lang='grc'>9.</span> <span class='ocrx_word' id='word_1_613' title='bbox 1206 4941 1252 4997; x_wconf 86' lang='lat' dir='ltr'>De</span> <span class='ocrx_word' id='word_1_614' title='bbox 1264 4947 1393 5000; x_wconf 79' lang='lat' dir='ltr'>uetantia-</span> <span class='ocrx_word' id='word_1_615' title='bbox 1410 4963 1440 4999; x_wconf 86' lang='lat' dir='ltr'>n·</span> <span class='ocrx_word' id='word_1_616' title='bbox 1450 4945 1494 5001; x_wconf 78' lang='lat' dir='ltr'>tt.</span> 
     </span>
     <span class='ocr_line' id='line_1_53' title="bbox 348 5019 1654 5086; baseline 0.009 -14"><span class='ocrx_word' id='word_1_617' title='bbox 348 5021 515 5074; x_wconf 76' lang='lat' dir='ltr'>Testamenti</span> <span class='ocrx_word' id='word_1_618' title='bbox 524 5019 664 5078; x_wconf 78' lang='lat' dir='ltr'>deriuatio.</span> <span class='ocrx_word' id='word_1_619' title='bbox 677 5042 706 5078; x_wconf 91' lang='grc' dir='ltr'>ιι.</span> <span class='ocrx_word' id='word_1_620' title='bbox 721 5023 765 5078; x_wconf 84' lang='lat' dir='ltr'>to.</span> <span class='ocrx_word' id='word_1_621' title='bbox 1207 5027 1255 5080; x_wconf 83' lang='lat' dir='ltr'>De</span> <span class='ocrx_word' id='word_1_622' title='bbox 1264 5027 1413 5083; x_wconf 82' lang='lat' dir='ltr'>insertione</span> <span class='ocrx_word' id='word_1_623' title='bbox 1421 5039 1553 5086; x_wconf 83' lang='lat' dir='ltr'>netarum·</span> <span class='ocrx_word' id='word_1_624' title='bbox 1566 5049 1597 5086; x_wconf 92' lang='lat' dir='ltr'>n.</span> <span class='ocrx_word' id='word_1_625' title='bbox 1608 5029 1654 5084; x_wconf 70' lang='lat'>28.</span> 
     </span>
     <span class='ocr_line' id='line_1_54' title="bbox 344 5103 1660 5184; baseline 0.005 -27"><span class='ocrx_word' id='word_1_626' title='bbox 344 5103 415 5174; x_wconf 74' lang='lat' dir='ltr'>Ejus</span> <span class='ocrx_word' id='word_1_627' title='bbox 427 5103 561 5176; x_wconf 76' lang='lat' dir='ltr'>drrfint&#39;tin.</span> <span class='ocrx_word' id='word_1_628' title='bbox 574 5125 601 5158; x_wconf 88' lang='grc' dir='ltr'>ιι.</span> <span class='ocrx_word' id='word_1_629' title='bbox 616 5109 661 5159; x_wconf 92' lang='grc'>11.</span> <span class='ocrx_word' id='word_1_630' title='bbox 781 5135 784 5142; x_wconf 74' lang='lat'><em>,</em></span> <span class='ocrx_word' id='word_1_631' title='bbox 1206 5111 1252 5164; x_wconf 78' lang='lat' dir='ltr'>De</span> <span class='ocrx_word' id='word_1_632' title='bbox 1259 5109 1363 5184; x_wconf 68' lang='lat' dir='ltr'>iudicis</span> <span class='ocrx_word' id='word_1_633' title='bbox 1372 5113 1561 5182; x_wconf 77' lang='lat' dir='ltr'>competentia.</span> <span class='ocrx_word' id='word_1_634' title='bbox 1574 5131 1601 5170; x_wconf 87' lang='grc' dir='ltr'>ιι.</span> <span class='ocrx_word' id='word_1_635' title='bbox 1615 5115 1660 5168; x_wconf 78' lang='lat'>29.</span> 
     </span>
     <span class='ocr_line' id='line_1_55' title="bbox 342 5187 1936 5271; baseline 0.012 -30"><span class='ocrx_word' id='word_1_636' title='bbox 342 5187 506 5256; x_wconf 71' lang='lat' dir='ltr'>Replicatis</span> <span class='ocrx_word' id='word_1_637' title='bbox 520 5188 599 5245; x_wconf 85' lang='lat' dir='ltr'>uncis</span> <span class='ocrx_word' id='word_1_638' title='bbox 605 5189 697 5261; x_wconf 68' lang='lat' dir='ltr'>iustu.</span> <span class='ocrx_word' id='word_1_639' title='bbox 711 5193 796 5250; x_wconf 79' lang='lat' dir='ltr'>n.12</span> <span class='ocrx_word' id='word_1_640' title='bbox 1207 5195 1364 5252; x_wconf 80' lang='lat' dir='ltr'>Praesentia</span> <span class='ocrx_word' id='word_1_641' title='bbox 1378 5197 1515 5253; x_wconf 85' lang='lat' dir='ltr'>testatoris</span> <span class='ocrx_word' id='word_1_642' title='bbox 1525 5199 1706 5254; x_wconf 81' lang='lat' dir='ltr'>communiter</span> <span class='ocrx_word' id='word_1_643' title='bbox 1714 5197 1838 5271; x_wconf 69' lang='lat' dir='ltr'>esigitur.</span> <span class='ocrx_word' id='word_1_644' title='bbox 1850 5219 1877 5258; x_wconf 86' lang='lat' dir='ltr'>ts.</span> <span class='ocrx_word' id='word_1_645' title='bbox 1891 5203 1936 5260; x_wconf 77' lang='lat'>8⁰.</span> 
     </span>
     <span class='ocr_line' id='line_1_56' title="bbox 343 5269 1839 5353; baseline 0.013 -35"><span class='ocrx_word' id='word_1_646' title='bbox 343 5269 454 5327; x_wconf 69' lang='lat' dir='ltr'>Divisio</span> <span class='ocrx_word' id='word_1_647' title='bbox 466 5274 621 5330; x_wconf 61' lang='lat' dir='ltr'>recrementi</span> <span class='ocrx_word' id='word_1_648' title='bbox 631 5293 668 5330; x_wconf 59' lang='grc' dir='ltr'><strong>η</strong></span> <span class='ocrx_word' id='word_1_649' title='bbox 675 5276 741 5348; x_wconf 61' lang='lat' dir='ltr'>im</span> <span class='ocrx_word' id='word_1_650' title='bbox 752 5279 866 5353; x_wconf 56' lang='lat' dir='ltr'><em>„aquo</em></span> <span class='ocrx_word' id='word_1_651' title='bbox 889 5299 916 5333; x_wconf 72' lang='grc' dir='ltr'><strong>η.</strong></span> <span class='ocrx_word' id='word_1_652' title='bbox 931 5281 974 5337; x_wconf 70' lang='lat'>12,</span> <span class='ocrx_word' id='word_1_653' title='bbox 1206 5277 1413 5348; x_wconf 84' lang='lat' dir='ltr'>Amptiatianer</span> <span class='ocrx_word' id='word_1_654' title='bbox 1422 5283 1577 5337; x_wconf 83' lang='lat' dir='ltr'>communie</span> <span class='ocrx_word' id='word_1_655' title='bbox 1588 5281 1745 5338; x_wconf 85' lang='lat' dir='ltr'>sententiae.</span> <span class='ocrx_word' id='word_1_656' title='bbox 1757 5301 1784 5336; x_wconf 91' lang='grc' dir='ltr'>ιι.</span> <span class='ocrx_word' id='word_1_657' title='bbox 1797 5287 1839 5337; x_wconf 81' lang='grc'>31.</span> 
     </span>
     <span class='ocr_line' id='line_1_57' title="bbox 343 5350 1851 5436; baseline 0.011 -32"><span class='ocrx_word' id='word_1_658' title='bbox 343 5350 455 5407; x_wconf 83' lang='lat' dir='ltr'>Diuisio</span> <span class='ocrx_word' id='word_1_659' title='bbox 468 5355 611 5411; x_wconf 72' lang='lat' dir='ltr'>hodierna.</span> <span class='ocrx_word' id='word_1_660' title='bbox 624 5375 652 5412; x_wconf 91' lang='lat' dir='ltr'>n.</span> <span class='ocrx_word' id='word_1_661' title='bbox 667 5358 709 5412; x_wconf 84' lang='lat' dir='ltr'>tt.</span> <span class='ocrx_word' id='word_1_662' title='bbox 1208 5359 1429 5418; x_wconf 79' lang='lat' dir='ltr'>Fundamentum</span> <span class='ocrx_word' id='word_1_663' title='bbox 1442 5367 1595 5421; x_wconf 87' lang='lat' dir='ltr'>communis</span> <span class='ocrx_word' id='word_1_664' title='bbox 1608 5365 1756 5436; x_wconf 87' lang='lat' dir='ltr'>opinionis.</span> <span class='ocrx_word' id='word_1_665' title='bbox 1767 5381 1794 5420; x_wconf 87' lang='lat' dir='ltr'>n.</span> <span class='ocrx_word' id='word_1_666' title='bbox 1808 5368 1851 5421; x_wconf 70' lang='lat'>82.</span> 
     </span>
     <span class='ocr_line' id='line_1_58' title="bbox 343 5431 1667 5515; baseline 0.01 -26"><span class='ocrx_word' id='word_1_667' title='bbox 343 5431 706 5510; x_wconf 79' lang='lat' dir='ltr'>Detestanrentaimpiicita.</span> <span class='ocrx_word' id='word_1_668' title='bbox 721 5459 749 5497; x_wconf 90' lang='lat' dir='ltr'>n.</span> <span class='ocrx_word' id='word_1_669' title='bbox 764 5441 807 5496; x_wconf 79' lang='lat' dir='ltr'>tn</span> <span class='ocrx_word' id='word_1_670' title='bbox 898 5501 901 5508; x_wconf 69' lang='grc'><em>,</em></span> <span class='ocrx_word' id='word_1_671' title='bbox 1211 5448 1304 5515; x_wconf 79' lang='lat' dir='ltr'>Quare</span> <span class='ocrx_word' id='word_1_672' title='bbox 1315 5447 1377 5504; x_wconf 82' lang='lat' dir='ltr'>inde</span> <span class='ocrx_word' id='word_1_673' title='bbox 1386 5447 1572 5506; x_wconf 77' lang='lat' dir='ltr'>discedamus?</span> <span class='ocrx_word' id='word_1_674' title='bbox 1582 5467 1611 5504; x_wconf 91' lang='lat' dir='ltr'>n.</span> <span class='ocrx_word' id='word_1_675' title='bbox 1623 5451 1667 5503; x_wconf 78' lang='grc'>33.</span> 
     </span>
     <span class='ocr_line' id='line_1_59' title="bbox 349 5517 1814 5606; baseline 0.015 -38"><span class='ocrx_word' id='word_1_676' title='bbox 349 5517 522 5576; x_wconf 82' lang='lat' dir='ltr'>Testamenta</span> <span class='ocrx_word' id='word_1_677' title='bbox 536 5537 594 5578; x_wconf 89' lang='lat' dir='ltr'>non</span> <span class='ocrx_word' id='word_1_678' title='bbox 603 5525 746 5582; x_wconf 83' lang='lat' dir='ltr'>solemnia·</span> <span class='ocrx_word' id='word_1_679' title='bbox 761 5543 789 5580; x_wconf 92' lang='grc' dir='ltr'>ιι.</span> <span class='ocrx_word' id='word_1_680' title='bbox 802 5527 847 5582; x_wconf 84' lang='lat' dir='ltr'>to.</span> <span class='ocrx_word' id='word_1_681' title='bbox 1209 5534 1348 5588; x_wconf 89' lang='lat' dir='ltr'>Auctares</span> <span class='ocrx_word' id='word_1_682' title='bbox 1358 5550 1409 5605; x_wconf 85' lang='lat' dir='ltr'>pra</span> <span class='ocrx_word' id='word_1_683' title='bbox 1423 5536 1566 5590; x_wconf 77' lang='lat' dir='ltr'>sannatia</span> <span class='ocrx_word' id='word_1_684' title='bbox 1579 5533 1718 5606; x_wconf 82' lang='lat' dir='ltr'>npr&#39;m&#39;ans.</span> <span class='ocrx_word' id='word_1_685' title='bbox 1731 5553 1758 5588; x_wconf 85' lang='lat' dir='ltr'>n.</span> <span class='ocrx_word' id='word_1_686' title='bbox 1770 5535 1814 5590; x_wconf 75' lang='grc'>81.</span> 
     </span>
    </p>
   </div>
   <div class='ocr_carea' id='block_1_6' title="bbox 343 5606 1757 5716">
    <p class='ocr_par' dir='ltr' id='par_1_6' title="bbox 343 5606 1757 5716">
     <span class='ocr_line' id='line_1_60' title="bbox 343 5606 1757 5716; baseline 0.011 -54"><span class='ocrx_word' id='word_1_687' title='bbox 343 5606 492 5666; x_wconf 74' lang='lat' dir='ltr'>rasurum</span> <span class='ocrx_word' id='word_1_688' title='bbox 506 5611 695 5682; x_wconf 71' lang='lat' dir='ltr'>quotupliciter</span> <span class='ocrx_word' id='word_1_689' title='bbox 706 5613 823 5670; x_wconf 74' lang='lat' dir='ltr'>tenen.</span> <span class='ocrx_word' id='word_1_690' title='bbox 834 5633 861 5670; x_wconf 91' lang='lat' dir='ltr'>n.</span> <span class='ocrx_word' id='word_1_691' title='bbox 873 5617 919 5671; x_wconf 75' lang='lat' dir='ltr'>tn</span> <span class='ocrx_word' id='word_1_692' title='bbox 1197 5618 1341 5704; x_wconf 25' lang='lat' dir='ltr'>lttatbnes</span> <span class='ocrx_word' id='word_1_693' title='bbox 1351 5623 1505 5704; x_wconf 84' lang='lat' dir='ltr'>sunnonis</span> <span class='ocrx_word' id='word_1_694' title='bbox 1514 5619 1658 5692; x_wconf 72' lang='lat' dir='ltr'>opouunu.</span> <span class='ocrx_word' id='word_1_695' title='bbox 1672 5637 1699 5676; x_wconf 88' lang='grc' dir='ltr'>ιι.</span> <span class='ocrx_word' id='word_1_696' title='bbox 1713 5621 1757 5716; x_wconf 73' lang='lat' dir='ltr'>tit.</span> 
     </span>
    </p>
   </div>
   <div class='ocr_carea' id='block_1_7' title="bbox 0 0 2244 6196">
    <p class='ocr_par' dir='ltr' id='par_1_7' title="bbox 0 0 2244 6196">
     <span class='ocr_line' id='line_1_61' title="bbox 0 0 2244 6196; baseline 0 0"><span class='ocrx_word' id='word_1_697' title='bbox 0 0 2244 6196; x_wconf 95' lang='lat' dir='ltr'> </span> 
     </span>
    </p>
   </div>
  </div>
 </body>
</html>
