4446 6220
783 237 831 292 DE
850 235 1067 296 coN'tttttstts
1085 239 1325 298 ntttttzcuttt.

1791 239 1844 298 970

225 321 288 398 ,ίοι
306 339 359 400 Dl‘
376 335 561 392 cornmissorir'
577 349 627 390 aar
648 335 827 404 Vermeesung
842 333 929 390 soilen
944 335 1023 388 nteit
1048 346 1053 408 Ι
1077 337 1159 400 tinet,
1179 336 1222 390 iila
1241 335 1368 410 specifice
1387 337 1537 408 prebenda,
1557 349 1580 394 et
1606 348 1666 394 tune
1693 356 1769 410 serpe
1794 339 1895 396 «lictum

208 447 261 484 unn
281 428 367 480 denen
385 419 620 492 angruentsenslen
638 420 662 474 0
678 427 766 482 rtem,
779 415 898 472 soradem
917 437 968 471 uon
981 420 1023 472 rie·

209 533 261 568 ner
284 505 481 562 remotioribus
498 503 565 560 lucis
584 519 743 574 genommen
763 501 876 556 werden.

222 659 224 664 Ι
247 599 290 648 11.
304 595 358 653 Die
369 589 553 646 cornmisreril
564 593 671 652 anderen
681 585 732 658 dey
745 587 830 642 denen
846 587 1022 638 Vermerrna.

180 689 185 695 '
203 700 258 754 gera
275 681 329 733 olle
341 677 407 751 jede
444 675 481 727 nd
498 673 599 728 Felder
616 670 691 725 einer
702 669 787 744 jeder
803 666 918 738 Dorffer
935 665 1025 721 diedo
1050 677 1052 682 '

207 779 356 820 paramesen
375 759 494 823 werden,
514 757 562 810 mir
584 758 664 812 iltren
689 753 873 810 ordentlirlsen
900 754 1024 807 Ncltmen

209 849 404 910 uerseieisnen,
417 845 475 900 und
487 843 531 898 die
547 845 637 898 daran
650 861 683 896 uu
696 843 785 898 nee‘nt
796 839 921 908 delegere
934 839 1024 892 Drer-

199 932 277 1004 ffer:
297 932 354 985 and
371 931 420 984 uie
439 927 500 982 ereis
516 927 560 980 die
577 941 741 980 uermesrene
758 923 853 976 Stttelee
867 943 920 978 vnn
939 925 1026 977 denen

211 1013 445 1084 angerentrenden
468 1009 616 1081 Dnerffirn
635 1011 758 1079 delegen,
775 1019 910 1062 nmeteen.
1016 998 1021 1008 '

157 1097 193 1148 58
247 1101 280 1153 Et
299 1100 364 1152 istae
382 1099 481 1162 buben,
494 1115 559 1166 quae
576 1095 654 1148 alicui
674 1112 721 1163 per
733 1110 849 1146 errorem
864 1089 1025 1156 nslscriptne,

210 1183 250 1236 rel
265 1181 300 1236 ob
319 1181 538 1235 mensurationem
558 1177 750 1240 detrabendae,
770 1176 797 1227 in
819 1183 1027 1246 perpetuumu

212 1285 252 1320 ma
266 1268 347 1320 rieule
367 1265 492 1318 detentae
512 1273 582 1318 eunt.

158 1345 192 1396 59
249 1350 287 1402 dd
305 1362 410 1418 tempus
428 1365 460 1401 ee
480 1364 580 1400 summa
599 1344 781 1414 aequilater:
794 1341 930 1396 matrienle
941 1339 1027 1411 quoad

209 1432 329 1486 effectam
348 1429 554 1484 contributionis
573 1429 726 1482 eximuntur
744 1429 808 1490 loca,
828 1445 895 1496 qnae
907 1443 951 1498 per
971 1427 1025 1478 bel·

211 1519 277 1579 lum,
297 1527 393 1584 pestem
412 1525 438 1568 et
452 1514 603 1566 incendium
624 1515 737 1566 desolata
752 1525 822 1576 sunt,
838 1511 1029 1580 immorando

212 1618 260 1673 per
278 1608 460 1668 tempestatem
486 1597 571 1650 siras-cit
596 1593 821 1666 Regni-&deden
848 1597 976 1651 irnctibus
1000 1599 1028 1647 in

159 1681 194 1732 ῦθ
213 1701 273 1754 apro
290 1682 373 1736 adhuc
390 1681 565 1750 pendentibus
584 1681 709 1734 damnum
730 1681 820 1732 daturn
839 1695 889 1734 est.
909 1681 1026 1742 Dumna,

172 1777 175 1784 ’
212 1785 277 1838 quae
295 1783 328 1819 ee
347 1765 415 1818 bello
433 1775 456 1818 et
475 1763 873 1834 pentacootigpruntprineipi,
892 1765 921 1816 in
937 1765 1029 1822 Pome-

214 1855 287 1908 ranla
306 1850 474 1906 terenissinso
486 1848 588 1904 electori
603 1841 847 1916 brandenburgioo,
871 1859 916 1903 ant
929 1843 1030 1902 illustri
1049 1889 1052 1896 .

214 1935 313 1988 ibidem
333 1933 458 2003 regimini
472 1929 684 1997 demonstranda,
702 1945 726 1988 st
744 1932 783 1985 sic
794 1944 886 2003 petens
899 1951 946 2002 pro
964 1950 1028 2000 qua-

158 2015 192 2066 ὓί
211 2022 283 2074 litate
299 2018 392 2072 damni·
406 2030 502 2072 certam
522 2015 706 2072 remissionem
732 2017 868 2088 impetrat.
891 2019 923 2070 ln
941 2017 1030 2068 iucen-

213 2103 268 2154 ‹liis
286 2102 437 2157 diberentia
457 2100 643 2174 constituenda
656 2113 713 2165 ert,
737 2101 812 2156 inter
827 2101 884 2166 illa,
912 2119 978 2172 quae
1001 2103 1029 2154 in

211 2179 376 2250 eivitatibus,
396 2196 421 2240 et
440 2187 494 2247 illa,
513 2202 580 2254 qnae
599 2187 627 2238 in
654 2186 728 2254 prgis
745 2185 916 2260 contingunt:
940 2188 1030 2241 cirita-

215 2286 254 2328 tes
272 2274 475 2338 dietinpunntur
493 2271 522 2322 in
541 2270 698 2324 l’omerania
716 2270 745 2321 in
760 2270 925 2325 immediatas
937 2281 961 2324 et
977 2289 1031 2330 me·

205 2357 310 2421 tiaras.
334 2354 381 2408 bae
399 2353 534 2428 dicuntur,
550 2369 616 2422 qaaea
628 2353 676 2404 sub
689 2349 849 2420 praelectum
859 2351 969 2421 quadam
982 2355 1034 2406 sita

215 2452 275 2496 snnt
293 2440 334 2496 rel
351 2438 383 2492 ad
395 2437 499 2490 nobiles
517 2446 646 2506 spectant,
666 2437 735 2496 illae,
747 2453 813 2505 qnae
828 2437 980 2492 immediate
994 2457 1033 2493 se·

161 2523 197 2576 62
215 2519 480 2587 reuisalmoelsctoei
499 2519 617 2579 subditae
634 2530 703 2575 sunt.
722 2520 752 2574 Si
772 2520 967 2578 inuisitatibue
980 2521 1031 2574 im·

214 2609 339 2666 mediatis
357 2625 403 2678 par
425 2603 578 2661 incendium
601 2603 680 2657 aedua
702 2603 827 2673 quaedem
847 2616 1051 2674 consumptae„

213 2699 278 2754 olins
298 2709 445 2766 ppseesanr,
461 2689 507 2764 qui
522 2689 581 2744 illae
594 2688 628 2742 de
641 2705 706 2742 noro
718 2689 876 2754 exstruebat,
890 2707 938 2760 per
950 2691 1031 2760 quin-

214 2781 360 2852 quennium
377 2778 410 2832 ub
427 2793 507 2832 onere
522 2773 729 2828 entstribntinnis
754 2772 922 2826 liberabatur.
941 2772 1031 2838 bodie,

216 2867 239 2922 si
257 2865 334 2920 aedes
351 2857 508 2922 reaedificet,
521 2860 553 2912 ed
568 2869 668 2912 eertum
689 2868 806 2926 tempus,
832 2855 902 2926 quod
921 2875 970 2927 pro
989 2873 1030 2910 η.

218 2949 291 3002 tinne
304 2947 482 3015 impensarum
501 2943 529 2993 in
549 2935 790 2994 reaeslilicatinnem
812 2937 938 2994 iactatum
951 2941 1033 2997 detera

162 3026 199 3079 ⁶3
218 3031 382 3093 minandum,
397 3025 534 3088 abactisis
548 3023 675 3076 immunia
694 3035 744 3076 est·
756 3021 785 3076 Si
806 3019 834 3074 in
859 3022 963 3077 civitate
982 3043 1034 3080 me·

218 3117 288 3170 diets
309 3115 360 3167 tale
373 3111 496 3164 damnum
509 3107 655 3174 contingat,
668 3105 739 3157 idem
753 3104 952 3181 observandum,
964 3107 1039 3176 qnod

217 3201 250 3252 de
268 3197 341 3268 pagis
361 3210 421 3246 mon
433 3193 528 3246 dicere.
549 3192 579 3243 ln
595 3185 729 3252 ibeendio,
741 3188 814 3260 quod
826 3189 880 3242 rnri
894 3191 1032 3257 contingit,

219 3279 411 3350 distinguitur,
430 3294 463 3331 an
477 3274 584 3335 domus,
599 3275 628 3327 in
641 3291 691 3343 qna
711 3271 811 3324 babitus
825 3271 937 3334 nobilis,
950 3273 978 3326 iu
997 3275 1033 3328 ci-

219 3381 297 3418 neres
315 3358 457 3429 redigatur,
469 3367 495 3411 et
513 3367 575 3410 tuno
595 3355 733 3426 praecipue
753 3355 825 3410 noeis
843 3352 892 3408 der
917 3353 1031 3409 Winter-

219 3446 348 3510 ,temam
359 3459 424 3514 qnae
441 3457 492 3512 per
509 3439 699 3510 depositionem
711 3441 860 3507 jureturum
870 3435 972 3508 lideqee
990 3439 1029 3492 di·

218 3537 328 3600 pnomm
347 3525 456 3580 testium
473 3522 616 3592 probanda,
639 3521 766 3592 arbitrari
785 3523 851 3576 tolet
869 3523 1031 3576 illustrem·

219 3615 318 3684 gimen,
336 3619 398 3679 qnot
407 3607 501 3669 babae,
511 3615 538 3659 et
551 3603 676 3676 quemslin
689 3608 861 3662 remittendae
873 3609 936 3661 rint.
945 3608 1032 3678 Quan-

220 3699 254 3750 do
271 3695 428 3750 rusticorum
448 3688 573 3759 tupsariola
592 3700 752 3742 concremata
764 3699 844 3755 suut,
856 3700 917 3745 tunc
928 3691 951 3743 si
969 3689 1031 3744 bor·-

221 3799 298 3844 reum·
313 3789 338 3831 et
353 3775 446 3830 omnir
458 3769 645 3842 ejusaedibcia
663 3789 710 3843 per
723 3771 863 3826 flammam
878 3773 1032 3845 absumpta,

221 3880 269 3935 per
288 3861 431 3914 triennium
450 3857 484 3910 ab
500 3873 581 3910 onere
596 3855 802 3910 contributionis
816 3855 843 3908 in
857 3867 939 3910 toturn
966 3858 1032 3910 libe-

1078 423 1197 490 rsgimen
1216 427 1355 492 electornle
1374 425 1400 476 ld
1420 424 1583 484 arbitratur,
1603 443 1632 476 οο
1651 445 1698 492 pro
1722 429 1825 481 ratione
1844 431 1898 496 eins

1078 505 1110 555 asl
1130 516 1229 559 eertum
1251 519 1354 578 tempus
1373 519 1458 564 certas
1478 509 1559 560 hubas
1580 509 1612 560 ab
1630 527 1710 562 onere
1723 515 1900 564 rontributio·

1078 585 1123 638 nis
1141 587 1242 644 liberat.
1266 591 1294 642 ld
1308 591 1388 645 etiem
1402 592 1430 646 in
1444 593 1490 646 lmn
1502 594 1611 646 materie
1627 595 1781 657 notandum,
1794 597 1900 666 qnamln
1917 593 1955 644 lid

1078 671 1157 725 aliter
1170 692 1248 743 quam
1268 677 1296 728 in
1316 663 1429 730 cetastio
1449 676 1576 746 scriptum
1588 719 1594 739 ,
1608 693 1655 746 per
1669 679 1780 732 multum
1800 693 1887 750 tempo

1079 754 1118 807 ris
1136 759 1264 827 processit
1282 761 1379 814 solutio
1392 763 1559 828 tributorum,
1579 763 1667 831 potins
1693 777 1775 816 statur
1789 781 1899 818 naneae·

1078 837 1182 902 tudini,
1195 852 1222 896 et
1235 841 1334 896 actibus
1350 843 1393 896 isti
1408 843 1563 906 contrariis,
1584 861 1632 897 nec
1655 844 1721 898 illud
1741 856 1831 898 contra
1851 842 1914 916 lrnc'·

1078 917 1162 976 iidem
1175 929 1214 979 sel
1225 928 1280 980 siro
1296 927 1390 992 babet,
1403 940 1547 983 catastrum
1566 928 1638 980 enim
1656 947 1708 980 nou
1729 927 1822 997 probat
1842 932 1900 982 sine

1080 1007 1211 1062 solutione
1228 1014 1267 1064 vel
1287 1013 1472 1082 praestatione.
1488 1012 1616 1066 Mascerd.
1637 1015 1662 1067 d.
1685 1015 1793 1084 prodet.
1811 1017 1896 1070 conci.

1079 1091 1141 1145 273.
1155 1113 1183 1146 n.
1197 1095 1221 1148 l.
1232 1113 1305 1166 reqp.
1318 1100 1386 1152 Mer.
1396 1117 1427 1166 p.
1438 1099 1462 1152 l.
1473 1098 1498 1148 d.
1512 1098 1572 1150 lil'l.
1585 1116 1613 1150 ra.
1630 1099 1671 1150 11.

1116 1177 1188 1232 llaec
1199 1193 1257 1232 runt
1270 1183 1405 1236 ordinarie
1418 1184 1466 1237 istu
1477 1182 1601 1246 remedia,
1615 1200 1680 1251 quae
1694 1181 1729 1234 ad
1739 1181 1897 1253 impugnata·
1915 1195 1949 1248 ω

1080 1255 1140 1312 dem
1155 1265 1317 1318 matriculam
1337 1265 1458 1318 adhihent
1471 1266 1563 1318 nolent:
1576 1267 1740 1318 caeterumsi
1755 1265 1899 1334 nliqniele·

1081 1341 1176 1410 eilimo
1188 1347 1265 1398 modo
1277 1347 1337 1402 istis
1350 1349 1476 1403 remediis
1493 1366 1546 1401 non
1559 1357 1662 1410 utatur,
1675 1347 1727 1400 sibi
1744 1347 1792 1401 hou
1814 1349 1900 1420 impu·

1080 1428 1198 1492 tabit,si
1216 1451 1278 1503 erpo
1295 1433 1393 1503 uliquis
1422 1445 1514 1488 eontrn
1536 1432 1700 1486 matriculam
1727 1445 1899 1503 protestetur,
1922 1499 1924 1504 ¹

1081 1513 1230 1580 quaeritur,
1244 1534 1276 1567 an
1295 1517 1338 1570 iila
1358 1517 1512 1586 protestatio
1535 1516 1608 1570 illam
1626 1535 1641 1570 a
1660 1517 1760 1572 risibus
1784 1519 1840 1570 ruis
1858 1535 1900 1572 su·

1084 1596 1213 1673 spenslat?
1220 1600 1295 1669 Quod
1310 1601 1404 1656 merito
1421 1613 1497 1670 negat
1515 1601 1622 1669 Jusepb.
1643 1597 1669 1653 d.
1688 1616 1748 1654 terr.
1768 1599 1798 1652 irs
1820 1600 1900 1656 decis.

1084 1678 1225 1749 Arrognn.
1242 1683 1319 1737 densi.
1336 1685 1395 1737 tit.
1409 1704 1435 1738 n.
1451 1686 1494 1736 ib.
1507 1693 1534 1737 et
1548 1685 1590 1734 17.
1606 1679 1671 1734 Cum
1686 1685 1758 1736 enim
1775 1663 1900 1758 prolepsi-

1084 1761 1122 1816 tio
1134 1776 1232 1820 tantum
1247 1767 1331 1820 locum
1346 1767 1465 1824 inveniet
1478 1767 1506 1820 in
1521 1766 1570 1830 iis,
1582 1783 1649 1836 quae
1661 1765 1811 1838 dependeat
1823 1786 1838 1817 a
1853 1784 1899 1834 pn·

1084 1856 1179 1900 testate
1192 1852 1364 1918 protestantis
1382 1851 1488 1905 liursat.
1507 1851 1525 1904 l.
1546 1849 1571 1902 2.
1590 1867 1662 1903 eone.
1683 1846 1742 1903 172.
1761 1868 1786 1902 o.
1808 1849 1851 1902 29.
1871 1847 1904 1905 Εἰ

1084 1943 1154 1985 antus
1171 1933 1312 1987 volunterii
1334 1944 1435 1987 tantum
1455 1934 1559 2003 possint
1573 1931 1758 2004 protestatione
1775 1923 1883 1987 limitari
1892 1925 1903 2000 J

1085 2033 1143 2068 eum
1159 2021 1315 2086 protestatio
1337 2017 1372 2069 sit
1391 2017 1474 2070 animi
1488 2015 1620 2086 quaedam
1635 2013 1776 2068 ‹leeleratin
1788 2015 1902 2078 lobann'.

1085 2099 1185 2154 Grisel.
1204 2099 1282 2154 eiecit.
1295 2103 1385 2156 dolon.
1401 2103 1462 2155 10⁰.
1477 2121 1504 2155 n.
1517 2101 1543 2152 7.
1564 2099 1659 2171 sicque¹
1671 2105 1762 2152 contra
1779 2115 1825 2163 ea,
1837 2103 1904 2170 quab

1084 2185 1233 2254 dependent
1245 2187 1279 2240 ab
1291 2189 1382 2242 animo
1393 2197 1482 2242 coacto
1492 2196 1543 2240 tarn
1558 2185 1640 2254 juris,
1652 2201 1732 2253 qnam
1741 2179 1850 2251 judicil,
1864 2181 1902 2235 nil

1084 2282 1207 2340 operatur
1220 2271 1340 2324 Crasetts
1360 2289 1435 2325 roms.
1454 2271 1515 2322 1121.
1527 2287 1562 2322 ·n.
1583 2269 1628 2324 ll.
1644 2285 1692 2322 neo
1706 2273 1819 2335 dnqnem
1838 2267 1906 2336 jarria

1086 2357 1236 2408 communit
1249 2353 1420 2426 dispositioni
1434 2353 1560 2422 derogare
1574 2357 1666 2424 potest,
1679 2369 1711 2404 ne
1725 2351 1844 2406 sol'ubtas
1859 2351 1906 2404 bo*

1087 2439 1169 2491 minis
1182 2439 1276 2492 lortior
1285 2451 1342 2492 esse
1355 2438 1478 2494 rideatur
1488 2439 1621 2508 voluntate
1638 2445 1665 2490 et
1675 2434 1855 2505 dispositione
1868 2436 1905 2486 let

1085 2524 1135 2590 gie,
1147 2523 1200 2576 sid.
1217 2523 1311 2576 remit
1330 2524 1373 2574 2³.
1390 2521 1463 2576 inter
1478 2521 1574 2577 conrii.
1591 2519 1856 2589 manumissent.
1876 2517 1901 2570 d

1087 2624 1114 2660 nt
1132 2607 1158 2658 7.
1172 2616 1199 2658 et
1216 2607 1242 2658 d.
1263 2606 1437 2660 Prnckmann.
1457 2621 1486 2659 st.
1505 2609 1531 2658 1.
1548 2601 1623 2658 cnn'r.
1642 2603 1668 2658 Β.
1687 2621 1715 2656 n·
1727 2601 1776 2658 bie
1785 2601 1849 2656 inde
1861 2620 1901 2657 ee·

1085 2691 1174 2760 quitur
1194 2689 1408 2760 protestationem
1419 2687 1513 2746 iactam
1526 2697 1616 2742 contra
1630 2683 1725 2741 larbam
1738 2685 1807 2756 quod
1818 2687 1907 2740 omni·

1087 2792 1122 2828 nn
1137 2774 1194 2841 jure
1211 2771 1537 2826 sancienteerercendnrn
1559 2781 1615 2836 est,
1642 2787 1751 2840 prorsus
1775 2769 1900 2834 ¹vitiosam

1086 2874 1143 2910 esse
1162 2855 1256 2930 Kionin.
1275 2857 1307 2910 de
1321 2855 1467 2911 contr-idat.
1485 2873 1509 2908 u.
1529 2855 1570 2906 111.
1585 2871 1614 2906 n.
1634 2852 1695 2905 171.
1712 2852 1844 2906 undebue
1864 2851 1905 2904 ti·

1086 2957 1144 2996 cers
1163 2941 1266 2996 ridetur
1286 2941 1359 2994 Bald.
1380 2939 1399 2992 l.
1419 2943 1445 2996 3.
1463 2957 1538 2995 eone.
1559 2942 1620 2994 181.
1640 2957 1667 2992 n.
1689 2943 1713 2992 1.
1741 2939 1900 3000 Protestatiu,

1087 3022 1153 3078 bene
1170 3035 1262 3088 cantat,
1276 3033 1299 3078 et
1315 3026 1382 3077 anule
1395 3035 1500 3094 ruspets
1518 3024 1560 3077 eni
1572 3021 1696 3078 convenit
1706 3023 1905 3093 proper-sianum

1087 3106 1169 3160 illud:
1187 3108 1271 3160 cineri
1290 3125 1360 3159 nunc
1378 3105 1508 3160 mellicina
1527 3105 1614 3160 detur:
1636 3107 1794 3178 jacteturqne
1812 3108 1904 3176 vulgo,

1086 3210 1155 3255 eum,
1174 3189 1221 3260 qui
1238 3189 1288 3242 hoc
1307 3187 1385 3242 modo
1403 3199 1567 3260 protestatur,
1587 3187 1657 3244 idem
1672 3187 1757 3242 iecere
1774 3207 1834 3242 cum
1856 3209 1904 3260 pa·

1089 3274 1151 3328 rieti
1170 3285 1246 3344 caput
1264 3273 1430 3344 impingente
1447 3271 1540 3325 teter.
1560 3273 1631 3327 sent.
1645 3285 1665 3326 t:
1679 3273 1703 3326 1.
1716 3273 1778 3326 libr.
1792 3273 1819 3326 d,
1831 3291 1906 3342 terp.

1086 3359 1112 3410 7.
1131 3376 1159 3411 n.
1179 3357 1206 3408 7.
1223 3355 1328 3410 Ultimo
1347 3358 1404 3410 Ιοοο
1421 3353 1517 3409 adllers
1538 3357 1624 3422 lubet,
1650 3357 1720 3428 quod
1744 3359 1825 3410 etia‘m
1845 3359 1902 3427 ipse
1921 3397 1956 3448 37

1085 3447 1208 3507 gravatus
1220 3451 1308 3493 eontra
1327 3449 1555 3508 peraequatorem,
1579 3441 1623 3510 qui
1650 3441 1738 3496 dolose
1763 3443 1823 3512 plus
1850 3441 1900 3511 ipsi

1086 3523 1243 3594 adscripsit,
1261 3539 1343 3592 quam
1358 3539 1447 3576 nereca
1465 3523 1592 3592 possidet,
1618 3525 1658 3579 sel
1675 3525 1792 3580 civiliter
1809 3524 1842 3577 ad
1861 3541 1904 3577 re·

1086 3607 1257 3660 vocationem
1268 3605 1430 3676 gravaminis
1448 3623 1539 3675 agere,
1566 3611 1605 3662 rel
1623 3609 1800 3675 criminaliter
1827 3607 1902 3665 illum

1085 3693 1218 3747 coomniri
1238 3691 1332 3764 possit,
1350 3691 1380 3744 s'r
1392 3708 1488 3762 ee..per
1502 3693 1591 3747 sordes
1610 3695 1646 3746 sit
1664 3692 1904 3764 corruptus-Chri-

1068 3829 1070 3832 ,
1086 3777 1150 3831 stin.
1169 3795 1192 3830 ν.
1213 3775 1237 3830 d.
1258 3775 1339 3830 deris.
1359 3775 1403 3828 91.
1421 3791 1448 3828 nt
1467 3776 1511 3827 tt.

1122 3863 1193 3914 ilaec
1203 3857 1236 3914 de
1254 3857 1400 3914 matricalis
1418 3859 1591 3930 pomerani'eis
1610 3857 1715 3913 reieme·
1727 3859 1813 3924 solui,
1826 3869 1855 3914 ut
1869 3877 1898 3915 ea
1920 3889 1956 3942 ω

220 3959 287 4001 ratas
304 3954 354 4006 eat:
373 3945 395 3995 si
415 3942 535 3994 borreum
549 3940 646 3994 salvum
666 3937 775 4000 mensit,
793 3954 845 4008 pro
854 3938 977 4008 qualitate
989 3939 1034 3992 da-
1083 3943 1100 3998 l.
1117 3943 1145 3996 b.
1156 3945 1231 4014 aequi
1244 3943 1357 4012 bonique
1369 3943 1488 3996 consolat
1500 3943 1691 3998 humanissime
1705 3945 1899 4011 rogo.Snmrnn

221 4030 276 4084 mni
297 4027 370 4100 passi
386 4024 507 4081 remissio
530 4019 571 4082 br.
599 4023 753 4093 regulariter
780 4031 867 4078 tamen
891 4021 941 4077 boe
958 4039 1033 4089 caen,
1083 4045 1144 4082 earo
1161 4027 1282 4090 Numinl,
1302 4044 1349 4096 pro
1366 4028 1449 4096 gratia
1466 4043 1515 4098 per
1533 4029 1795 4082 totumattaemaan
1813 4027 1898 4082 ormi.

167 4115 200 4164 st
221 4133 234 4166 a
254 4110 365 4164 dimidia
383 4120 455 4179 parte
477 4105 683 4190 contributionis
709 4103 817 4162 libersri
842 4106 914 4162 solet·
934 4105 1034 4160 Damna
1082 4113 1179 4176 onlnm,
1198 4124 1223 4167 et
1241 4111 1270 4164 in
1287 4110 1466 4166 elaboratione
1485 4113 1563 4180 hujus
1580 4113 1771 4184 disputationis
1790 4114 1899 4184 inaugu-

183 4240 186 4244 .
222 4213 267 4271 per
282 4200 465 4266 tempestatem
483 4189 569 4244 daret
585 4189 812 4260 unget-tetradem
830 4190 886 4246 data
904 4189 1032 4262 quodat·
1083 4195 1147 4250 ralis
1167 4193 1234 4249 mibi
1245 4195 1395 4266 largissime
1408 4193 1591 4262 exhibita,sit
1602 4198 1658 4252 lens
1672 4197 1756 4252 bonor
1768 4208 1794 4253 et
1808 4199 1899 4268 gloria.
