4414 6220
373 287 426 342 2⁰8
983 277 1170 338 DISPUTAT.
1189 276 1236 336 lv.
1255 278 1371 338 etrus
1388 283 1411 336 t.
1888 273 1941 328 ibi

329 385 425 440 studsi's
440 383 627 455 gravissimum
645 381 760 452 contigit
777 381 1009 454 impedimentum,
1020 383 1089 438 odeo
1108 387 1138 432 ut
1189 385 1218 430 ut
1235 376 1298 431 cette
1312 392 1429 436 mactus
1446 394 1521 435 meos
1538 377 1653 434 ulterius
1672 371 1870 432 comacendatoe
1880 374 1979 428 tecm
1996 368 2007 437 ,‘

323 470 433 524 domam
460 469 528 522 mttt
549 466 750 535 properandum
776 470 819 518 sit.
844 469 971 537 Ignoscet
995 481 1057 533 ergo
1076 462 1100 516 b.
1118 463 1138 516 l.
1189 479 1243 532 pao
1263 462 1293 515 in
1309 462 1359 518 Sui
1373 463 1494 519 nominis
1514 465 1649 534 gloriam,
1663 473 1689 515 et
1704 459 1827 530 proximi
1838 456 2005 512 emolamen-

307 553 464 624 fistiaaati
485 553 612 613 calamo,
630 560 657 604 ct
681 548 792 620 tagenio
823 567 883 603 meo
902 567 958 602 noa
978 557 1085 602 tartum
1103 555 1140 600 te·
1188 557 1246 603 tum
1270 560 1404 621 vomant,
1428 567 1556 623 quorsum
1580 549 1676 604 unius
1699 544 1851 600 studiorum
1882 556 2009 596 meorum

318 637 383 701 uni,
394 639 442 691 aad
457 637 510 692 has
525 634 636 690 rationo
647 634 758 705 penita
774 633 900 704 confuto.
921 633 1004 702 Quod
1017 639 1138 702 superest
1188 631 1283 687 tendit·

323 723 419 776 Deum
437 731 456 773 t.
474 739 502 776 o.
520 739 556 773 ns.
566 721 673 790 gratita
684 735 741 773 sors
754 737 821 789 quas
837 718 920 772 detes
934 717 983 770 red
1001 731 1138 788 qaaspos·

322 820 380 858 essm
396 804 526 874 persolvo
543 802 696 865 minos,
711 817 761 872 pro
785 801 893 856 uiribus
909 800 950 855 sd
970 802 1043 854 huuc
1060 799 1137 854 lobo-
1509 795 1635 855 Filii
1675 833 1684 848 .

314 903 375 944 ress
387 888 539 956 massaris,
553 885 798 958 srdmtissinisqua
813 884 934 953 suspiriis
944 885 1057 958 suppleas
1072 901 1137 951 oro,

872 1061 1205 1140 ntsPtt'rsTto
1228 1059 1455 1155 Qttsnns

504 1223 506 1230 ‘
606 1257 711 1373 nu
764 1253 1091 1377 ansanus
1140 1255 1718 1380 suuussuauau,

640 1505 725 1553 1180
740 1505 939 1571 minimi·
955 1508 997 1553 AB
1011 1510 1042 1556 D.
1062 1507 1165 1554 mii..
1181 1508 1278 1552 nonts
1300 1507 1380 1552 ΔΜΒ
1395 1507 1435 1552 B'!
1449 1501 1680 1554 sonnmttttts

1000 1681 1336 1725 ΙΗΜΙΝΙΗ

524 1829 668 1901 vtro
703 1827 944 1900 ANDREA
977 1827 1383 1900 senstttttttttto.
1417 1817 1802 1896 Guntnnnnn.

891 2095 1477 2148 w·

956 2303 1375 2377 INGRESSUS.

325 2434 389 2569 N
391 2490 459 2559 ulla
482 2491 568 2560 sitae
591 2511 684 2582 pars,
707 2511 819 2584 neque
840 2487 1001 2584 publicis,
1025 2509 1139 2578 neque
1161 2485 1316 2576 privatis,
1330 2509 1443 2579 neque
1466 2485 1667 2569 forensibus,
1682 2507 1795 2580 nequa
1818 2481 2012 2550 domesticis

327 2584 365 2647 in
388 2579 504 2666 rebus,
527 2603 636 2676 neque
666 2582 694 2648 si
725 2598 837 2648 tecum
869 2603 945 2674 agas
975 2577 1077 2670 quid,
1101 2599 1213 2668 neque
1241 2577 1270 2644 si
1300 2601 1376 2646 cum
1405 2578 1509 2646 altero
1535 2579 1724 2658 contrahas,
1755 2599 1866 2645 vacare
1896 2571 2012 2640 Officio

376 2681 447 2736 test.
473 2670 515 2736 ln
538 2693 578 2738 eo
600 2670 690 2738 enim
714 2669 892 2738 excolendo
914 2670 975 2736 sits
999 2685 1047 2735 est
1075 2669 1163 2736 ritse
1191 2665 1342 2734 bonestas
1370 2669 1494 2750 omnis,
1517 2685 1551 2735 et
1572 2669 1610 2734 in
1640 2665 1841 2759 negligendo
1870 2663 2013 2752 turpitu-

347 2782 376 2824 ο.
401 2757 664 2827 Prudentissime
687 2761 733 2828 ita
762 2759 994 2828 disertissimus
1027 2759 1251 2826 Romanorum
1273 2759 1391 2826 consul
1422 2759 1589 2838 insinuat,
1619 2755 1788 2826 unicuivis
1820 2756 2012 2830 bominum,

326 2847 412 2915 ciros
441 2872 673 2943 quaecumque
700 2853 800 2919 etiam
831 2859 1010 2938 occupetur
1039 2847 1188 3000 npgotia,
1212 2845 1248 2910 in
1278 2845 1317 2912 id
1341 2851 1432 2918 ‘serio
1460 2847 1743 2929 incumbendum,
1767 2865 1806 2914 ut
1836 2845 1937 2914 officii
1959 2843 2012 2910 sui

329 2938 492 3006 rationem
509 2939 644 3028 habeat,
659 2962 703 3007 ne
726 2935 1030 3031 quicquam,quod
1053 2959 1071 3002 a
1119 2939 1190 3027 ejus
1212 2935 1357 3026 pertinet
1378 2939 1649 3032 implementum,
1664 2939 1807 3004 omittat.
1833 2935 2012 3004 lionenim

325 3027 468 3095 otiosum
491 3029 616 3097 animal
640 3031 676 3097 in
700 3027 835 3095 homine
865 3024 1023 3116 produxit
1052 3037 1189 3110 natura,
1212 3023 1269 3092 sed
1293 3027 1385 3118 quod
1416 3040 1575 3121 perpetua
1606 3027 1750 3121 quadam
1773 3027 1924 3120 agilitate
1946 3045 2013 3088 mo·

325 3130 477 3204 veretur,
501 3145 570 3214 quo
593 3119 685 3202 Deo,
734 3140 777 3182 uo
801 3116 971 3207 proximo,
994 3137 1061 3208 quo
1089 3113 1155 3183 sibi
1178 3116 1314 3184 demum
1346 3141 1487 3210 pensum
1510 3118 1701 3208 exsolveret.
1733 3117 1818 3184 lude
1842 3120 1909 3207 jam
1932 3113 2012 3180 olins

329 3211 585 3277 contractiores
683 3141 740 3274 iaia
764 3205 890 3300 judicio
936 3203 1160 3280 recedendum
1181 3205 1396 3276 crediderunt
1419 3207 1649 3276 Athenienses.
1671 3207 1744 3276 lmo
1765 3206 1847 3274 alibi
1863 3227 1932 3272 non
1956 3202 2014 3270 ab·

334 3295 435 3364 surde
457 3310 592 3366 cautum
630 3297 717 3364 nisse
738 3229 968 3388 deprebeulo,
991 3296 1256 3389 unumqucmvis
1277 3297 1405 3367 cisium
1427 3299 1608 3391 quotannis
1630 3298 1776 3365 rationes
1797 3295 1936 3365 reddere
1957 3292 2014 3360 de·

330 3386 442 3454 buisse
487 3387 614 3471 nblice,
634 3385 724 3453 unde
755 3387 896 3468 viseret,
918 3397 952 3453 et
982 3407 1051 3478 quo
1081 3398 1175 3478 pacto
1203 3403 1335 3479 tempus
1362 3389 1567 3482 transigeret.
1599 3387 1654 3456 Ex
1676 3387 1791 3455 εοᾶοω
1815 3386 1906 3454 sonte
1929 3384 2014 3476 juris

328 3477 435 3542 nostri
464 3410 611 3546 densata
640 3475 780 3564 decisio,
803 3497 942 3543 munera
973 3476 1104 3567 publius
1136 3476 1261 3546 deserti
1290 3475 1411 3552 debere
1439 3478 1573 3565 inritis,
1603 3476 1719 3546 multis
1744 3473 1947 3545 refractarios
1970 3471 2013 3539 ad

328 3564 386 3632 illa
414 3587 485 3634 cons
529 3565 668 3634 llendos:
692 3567 755 3658 qui
783 3566 965 3658 majoribus
992 3567 1135 3657 reipubl.
1168 3566 1256 3636 curis
1286 3579 1420 3653 vacam,
1442 3591 1462 3636 a
1485 3569 1683 3637 muneribus
1713 3566 1890 3634 vilioribus
1912 3589 2014 3632 excu-

330 3653 463 3722 sandos.
521 3657 611 3723 mnia
635 3657 714 3724 baec
737 3679 777 3722 eo
798 3655 882 3740 bne,
905 3668 943 3722 ut
966 3656 1112 3748 quisquc
1134 3657 1260 3726 citium
1283 3657 1453 3748 adigatur,
1502 3681 1545 3725 uo
1575 3657 1719 3727 civitatis
1742 3654 1912 3724 commoda
1937 3679 2016 3748 pro-

330 3759 460 3812 moveat
482 3759 515 3812 et
538 3745 581 3814 ab
603 3749 673 3814 otio
694 3758 857 3815 avocetur.
883 3745 1065 3814 Suboritur
1087 3747 1167 3815 inde
1189 3747 1364 3815 necessitas
1386 3685 1588 3843 expediendi
1612 3747 1760 3815 officium
1784 3747 1884 3815 semel
1909 3770 2013 3814 susec-

330 3852 438 3924 ptum.
462 3835 529 3926 Qui
573 3861 616 3905 ne
638 3835 730 3904 enirn
745 3835 913 3928 Spartam,
936 3859 1040 3928 quam
1062 3850 1194 3922 nactus,
1216 3857 1335 3904 ornare
1366 3851 1508 3908 tenetur.
1537 3837 1584 3904 Nc
1607 3838 1744 3932 ligantia
1768 3839 1877 3904 omnis
1900 3837 1953 3905 hic
1978 3837 2014 3904 in

331 3925 457 3991 crimen
480 3861 612 4013 incidit,
635 3938 669 3993 ct
693 3929 808 4018 poenis
831 3949 899 3994 nou
922 3926 1055 3994 levibus
1078 3923 1286 3996 vindicanda.
1310 3925 1436 3998 Contra
1459 3931 1522 4023 qui
1545 3950 1565 3994 0
1600 3931 1651 3996 cio
1674 3950 1734 3995 suo
1757 3925 1950 4019 funguutur
1973 3952 2013 3995 cx

327 4015 465 4102 merito,
486 4016 597 4085 farore
621 4015 756 4108 publico
778 4016 890 4112 digni,
913 4033 948 4082 et
969 4015 1050 4084 inda
1071 4017 1114 4086 ab
1137 4017 1290 4084 omnium
1313 4019 1437 4111 injuria
1467 4017 1675 4090 vindicandi:
1708 4030 1788 4084 utut
1811 4019 1903 4084 enirn
1928 4019 2013 4086 dura

330 4105 461 4193 saepius
482 4105 680 4174 refractariis
702 4106 838 4178 videtur
859 4106 943 4202 juris
965 4109 1132 4193 executio,
1154 4133 1255 4200 quam
1288 4109 1322 4178 vi
1351 4109 1453 4178 officii
1477 4115 1644 4201 suscipere
1674 4121 1833 4174 tenentur
1856 4109 1926 4188 illi,
1950 4109 2014 4200 qui

329 4214 468 4262 munere
490 4195 625 4286 publico
648 4195 856 4290 funguntur,
874 4219 942 4266 non
960 4213 1070 4264 tamen
1093 4215 1267 4290 eapropter
1289 4198 1343 4268 rel
1366 4199 1501 4268 in'nriis
1516 4197 1694 4268 lacessendi
1718 4198 1772 4268 rel
1795 4197 1854 4264 lite
1877 4199 2012 4287 pulsan·

328 4281 381 4361 di,
404 4308 481 4352 cum
504 4285 554 4352 nil
585 4287 715 4377 privato
741 4287 877 4355 nomine
904 4286 1102 4377 suscipiant,
1125 4288 1183 4355 sed
1212 4287 1394 4380 publiano
1431 4291 1475 4358 cii
1505 4288 1696 4356 necessitate
1727 4299 1939 4356 excusentur.
1966 4288 2012 4354 Et

331 4370 412 4438 baec
434 4371 492 4438 illa
515 4376 666 4443 materies
688 4395 751 4459 est,
775 4402 877 4470 quam
900 4375 1135 4468 disputationis
1157 4377 1365 4471 inauguralis
1391 4380 1462 4448 loco
1485 4378 1641 4448 exhibere
1663 4377 1779 4446 libuit.
1805 4375 1876 4444 Non
1899 4381 2013 4468 quasi,

332 4459 419 4550 quid
441 4459 545 4530 officio
567 4467 833 4560 uniuscujusque
855 4466 1047 4546 incumbat,
1068 4469 1277 4559 expositurus
1299 4468 1380 4554 sim,
1394 4467 1452 4538 sed
1467 4485 1598 4538 tantum
1614 4468 1688 4549 illa,
1704 4468 1745 4535 ad
1769 4490 1856 4561 quac
1879 4470 2013 4558 speciali

332 4553 523 4620 necessitate
545 4553 710 4625 incilicia
733 4560 929 4626 constitutus
950 4555 1115 4649 adigitur,
1138 4559 1184 4626 ita
1214 4571 1254 4626 ut
1273 4556 1302 4626 si
1325 4557 1384 4626 illa
1413 4557 1545 4644 feccrit,
1569 4559 1810 4626 excusationem
1834 4576 2011 4625 mereatur.

333 4637 473 4710 Materia
497 4642 575 4708 satis
597 4644 706 4735 ampla
720 4646 875 4738 quidem:
890 4669 1010 4714 verum
1031 4646 1114 4714 dum
1137 4647 1297 4738 opinione
1318 4648 1417 4717 citius
1439 4648 1519 4717 huic
1534 4647 1732 4716 Academiae
1748 4646 2013 4728 valedicenduns,

335 4731 459 4818 primas
483 4747 612 4800 tantum
634 4733 740 4802 lineas
761 4734 883 4804 ducere
905 4736 1019 4817 licuit,
1042 4738 1106 4806 alis
1130 4737 1214 4806 forte
1236 4739 1403 4806 occasione
1426 4737 1639 4808 haecomnia
1654 4738 1806 4894 pleniori
1830 4737 1957 4804 calamo
1980 4761 2016 4803 c·

334 4818 540 4889 abibitnrus.
564 4820 775 4914 Quapropter
795 4848 815 4891 a
839 4837 871 4893 te
894 4828 931 4892 b.
956 4825 980 4892 l.
1004 4825 1146 4894 Veniam
1175 4839 1315 4918 expeto,
1339 4828 1366 4895 si
1389 4831 1427 4897 in
1457 4828 1622 4922 praesenti
1678 4827 1840 4914 esidcrio,
1864 4837 1924 4892 tuo
1947 4851 2014 4892 uun

335 4931 540 5066 resppnsum.
563 4910 678 4984 Deum
701 4935 779 4989 tero
799 4916 966 5006 optimum
987 4916 1172 4995 maximum
1197 4940 1256 5010 pro
1278 4918 1369 4988 felici
1390 4919 1512 4990 laboris
1534 4918 1675 5013 suscepti
1700 4939 1847 4987 successu
1872 4916 2014 5008 supplex

335 5021 485 5091 tmpore.
