4480 6196
388 289 442 342 171

370 383 477 439 modum
503 381 660 438 necessaris.
678 380 767 431 Serus
785 373 928 429 masculini
949 365 1065 427 ciuiliter
1082 387 1144 440 ergo

355 467 540 539 fiemineism,
552 463 676 535 exempla
688 459 848 516 declaratur.
867 477 895 511 n.
911 457 954 511 11.

334 553 484 622 Subiectum
502 551 642 621 recipiens.
665 543 720 620 Qui
740 546 792 598 lsac
815 545 928 597 nomine
950 541 1080 606 ueniant,
1098 539 1146 611 qui

369 635 557 689 excludamur.
576 632 744 702 Infiriorum
762 643 824 698 erga
841 627 991 696 superiores
1007 625 1142 694 periculo·

364 734 397 772 ra
408 731 484 782 seepn
495 715 619 768 civilitas.
637 733 664 768 n.
684 714 727 765 13.

330 801 413 871 Signa
424 796 559 852 otouteoets
571 807 634 849 sunt
646 789 831 856 ceremoniae,
842 805 933 855 verae,
947 785 1074 844 modicos·
1086 789 1143 843 Po·

365 881 435 934 litici
447 896 577 953 perversa
591 876 744 948 appellatio.
764 893 792 927 n.
812 872 858 923 ts.
1122 897 1126 904 -
1160 937 1162 944 y

330 962 488 1037 Explicatis
505 977 554 1034 per
576 963 665 1034 sipon.
685 965 859 1024 liemooetur,
872 956 950 1010 dolus
966 951 1144 1026 quieonsistit

325 1079 328 1088 ν
365 1049 406 1101 oei
421 1050 451 1102 in
468 1039 592 1101 laesione
609 1045 698 1108 tertiis
715 1043 865 1112 exemplum
881 1039 1044 1094 Absolonis:
1059 1038 1101 1091 vel
1110 1039 1141 1089 s'n

363 1130 486 1186 laesione
499 1131 557 1204 ejus
569 1132 615 1183 cni
631 1127 780 1182 inhibetur.
795 1125 868 1195 Quid
878 1126 910 1178 de
924 1121 1069 1186 blanditiis,
1082 1141 1142 1201 pra·

944 270 1132 330 utstrttr.
1151 269 1224 324 vttt.
1244 265 1358 326 CAPUT
1378 271 1398 326 l.

1906 263 1961 320 171

1195 367 1243 421 hoe
1262 370 1289 422 in
1310 368 1436 442 passuris
1456 366 1555 421 illustri
1577 365 1672 420 Grotio
1691 363 1710 417 l.
1730 365 1754 415 1.
1772 381 1795 416 c.
1813 361 1840 416 1.
1864 363 1902 417 sb
1929 366 1954 414 1.
1980 381 2008 418 a.

1195 451 1236 505 12.
1255 451 1462 516 distinctionem,
1476 469 1540 523 quae
1554 452 1685 519 eleganter
1695 446 1851 512 disseritur,
1862 443 1919 499 dari
1932 461 2010 516 quae·

1193 536 1269 603 dnm,
1287 557 1369 608 quae,
1387 538 1473 608 prima
1483 535 1548 588 -siut
1560 542 1680 596 uetuere,
1694 531 1727 582 rui
1738 530 1909 600 oppreserit
1920 532 2004 601 pines,

1190 622 1316 692 maedam
1329 621 1519 690 'eonseqoevuia
1531 617 1576 671 sed
1588 634 1652 687 quae
1668 613 1723 667 illis
1742 611 1912 682 pmeierensla
1939 629 1960 666 s.
1984 622 2014 667 ot

1190 711 1294 774 vulgato
1311 707 1390 761 bodie
1408 703 1621 759 scholastioornm
1639 697 1813 772 proferantur
1829 697 1953 762 termino,
1967 695 2012 749 ‹lu-

1190 791 1216 844 ei
1234 789 1374 847 terminum
1393 802 1407 844 t
1424 807 1476 861 quo
1494 805 1515 840 s.
1532 785 1708 851 occasionem,
1727 795 1751 840 et
1767 782 1857 855 prima
1875 797 1966 835 eausue
1990 777 2009 832 l.

1190 873 1355 946 principium
1376 867 1583 927 demonstrandi.
1798 877 1804 882 ·

1228 954 1326 1031 Quoad
1338 959 1424 1031 primu
1442 957 1523 1027 igitur
1541 945 1665 1018 naturae,
1683 961 1784 1016 certum
1802 957 1855 1016 est,
1868 947 1955 1021 ipsam
1969 949 2011 1016 ins

1191 1043 1308 1095 naturale
1327 1056 1348 1094 s.
1367 1040 1435 1110 qnod
1455 1041 1524 1092 ilem
1544 1037 1677 1101 dixerim,
1695 1035 1819 1090 virtutum
1841 1031 2008 1102 eomplexnm

1191 1126 1269 1179 Grot·
1287 1126 1305 1178 l.
1323 1125 1367 1178 eit.
1383 1139 1425 1192 pr.
1444 1120 1466 1194 §s
1486 1121 1528 1175 11.
1547 1119 1694 1174 Bucherius
1712 1117 1750 1173 ad
1774 1115 1861 1171 treutl.
1888 1113 1955 1184 disp.
1984 1116 2008 1166 1.

366 1214 443 1268 ottus
461 1222 487 1266 et
504 1211 672 1268 munusculis
688 1207 878 1264 sentiendum?
902 1207 954 1259 i'el
973 1207 1003 1260 in
1020 1205 1143 1258 laesione
1189 1211 1227 1262 sb.
1248 1211 1276 1261 1.·
1290 1209 1425 1260 Doureuus
1443 1205 1478 1258 sle
1487 1207 1555 1278 just.
1573 1213 1600 1257 et
1609 1204 1675 1276 jure
1693 1201 1731 1255 tir.
1753 1201 1778 1254 8.
1796 1210 2011 1273 propterperpo.

369 1295 514 1367 utriusque.
530 1293 603 1364 Quid
612 1297 653 1350 ‘de
669 1291 830 1365 transfuga,
849 1291 977 1344 Juds'tlsae
986 1291 1067 1360 sueto
1084 1307 1143 1342 ren·

370 1379 517 1434 tiendum?
535 1381 678 1449 Apparatus
695 1378 772 1432 dolus
790 1377 820 1430 in
829 1377 911 1447 sueto
931 1371 1035 1428 Jaeoii
1048 1373 1142 1426 Gener.

363 1463 409 1514 11.
428 1481 455 1516 n.
476 1462 517 1513 11.

330 1549 497 1602 ilebsostetor
507 1543 597 1612 culpa.
610 1543 703 1595 Osculi
711 1542 894 1596 examinatis.
907 1541 954 1594 An
964 1542 1056 1597 cleriei
1061 1559 1142 1597 eacu-

364 1642 466 1695 sentur‚
484 1630 510 1682 si
518 1629 621 1700 publice
634 1627 702 1680 illud
718 1627 862 1699 applicent.
876 1625 1061 1700 Pontificials's
1073 1643 1143 1681 cere-

368 1716 461 1767 monia
480 1713 509 1766 in
528 1710 691 1764 admissione
710 1711 803 1763 oseuuli.
821 1728 848 1762 n.
868 1709 911 1761 11.

331 1801 381 1851 An
394 1813 459 1864 erga
473 1795 592 1848 inuitusm
607 1794 731 1847 exhiberi
736 1803 825 1861 potest
836 1791 961 1846 civilitas.
975 1813 1002 1848 n.
1013 1794 1054 1846 17.

333 1877 476 1948 Quomodo
491 1877 609 1932 civilitas
625 1875 830 1948 effectumjuris
841 1875 992 1948 eovsl’erati
1006 1895 1034 1932 n
1053 1879 1100 1936 ts..

294 2052 309 2102 t
332 1989 505 2100 Arueratsm
525 2046 707 2100 distinctarum
725 2059 816 2099 vorum
835 2041 1046 2115 explieatiooem,
1065 2063 1143 2116 quens

327 2131 491 2185 muniretur
511 2140 563 2186 toto
580 2129 703 2182 exhibuit
728 2127 823 2198 capite·
840 2127 1003 2195 inauguratis
1026 2139 1086 2182 anm
1104 2147 1143 2183 se-

327 2223 426 2268 mestre
443 2214 492 2266 surb
510 2215 619 2267 nomino
639 2211 762 2266 Prsesirle
780 2210 869 2265 bobio
886 2209 1040 2264 dissertatio
1062 2211 1095 2265 sle
1106 2213 1144 2267 ei-

327 2297 437 2352 oilitate
449 2297 578 2352 necione-
594 2299 618 2352 1.
636 2298 695 2365 inre
713 2295 854 2364 meritoque
867 2293 1013 2346 emissurus
1026 2311 1093 2361 sum,
1110 2315 1143 2351 ue

329 2381 411 2434 Iliada
435 2387 494 2452 post
519 2382 664 2432 Homerum
689 2376 824 2442 scribens,
853 2377 1008 2445 es‘juslicin
1033 2380 1143 2449 besnylii

328 2465 445 2529 Feretti,
462 2463 499 2516 de
514 2463 663 2533 aequalibus
683 2475 828 2532 temporum
848 2461 989 2514 blerundri
1006 2473 1080 2534 etque
1092 2465 1142 2517 ro.

328 2547 377 2598 lini
399 2547 483 2612 tous,
500 2545 573 2610 dato,
591 2545 668 2598 libro.
683 2545 715 2598 de
735 2563 815 2598 mora
836 2562 877 2616 pr.
902 2556 982 2600 trost.
1006 2546 1147 2601 innumera

331 2630 385 2684 iere
402 2629 433 2682 ud
452 2629 653 2682 similitudinem
672 2629 760 2700 potius
784 2647 861 2700 quem
889 2628 921 2680 ad
947 2629 1074 2684 rationem
1093 2631 1145 2686 luna

330 2712 445 2766 referem
457 2751 466 2779 ,
487 2713 518 2765 de
536 2729 565 2765 re
589 2712 668 2765 veteri
693 2729 759 2765 novo
777 2711 861 2793 ‚noto
883 2713 1000 2782 bugaeus.
1025 2713 1097 2782 Quin
1118 2724 1145 2766 et

329 2797 387 2864 ipse
405 2796 559 2868 posterioris
584 2793 653 2848 uocis
677 2795 798 2866 proficua
822 2797 946 2860 seilicet,
975 2813 1068 2850 sensus
1101 2800 1146 2850 vix

333 2878 462 2932 diversam
482 2879 526 2931 hic
545 2879 628 2948 exiget
649 2878 904 2947 interpretationem,
923 2887 1010 2949 utpote
1026 2898 1092 2950 quse
1108 2881 1144 2932 lu·

330 2979 385 3014 cem
400 2980 431 3014 ex
443 2964 574 3016 contrario
592 2966 649 3034 ejus
668 2964 697 3015 iu
716 2962 740 3012 1.
760 2962 946 3016 dissertatione
959 2962 1033 3016 serbi
1049 2968 1145 3022 nociuu

332 3044 389 3099 inse
407 3045 536 3099 sleclsruto
554 3045 711 3099 foeneretur.
726 3043 755 3098 Si
771 3053 857 3097 tumen
872 3047 997 3114 positivus
1010 3051 1064 3118 ejus
1076 3049 1145 3102 desi·

237 3158 246 3177 .
331 3126 435 3181 elevetur
454 3139 609 3199 conceptus,
626 3145 687 3182 eum
708 3127 829 3182 exhibent
853 3130 993 3197 utilitutis,
1012 3137 1085 3204 eujus
1103 3152 1146 3187 ea·

330 3214 390 3264 dem
416 3230 446 3266 ao
463 3210 575 3284 proficui
594 3213 779 3283 interpretatio
795 3223 849 3280 est,
867 3211 1002 3282 delinitio,
1022 3234 1055 3268 ex
1073 3218 1101 3270 ll.
1120 3219 1146 3272 11.

334 3299 352 3348 l.
371 3297 396 3348 1.
415 3299 444 3348 in
462 3314 504 3367 pr.
523 3307 550 3351 et
566 3299 588 3365 §.
593 3296 649 3368 fin.
660 3294 703 3365 ff.
720 3296 804 3351 drea
823 3297 899 3368 quod
910 3307 984 3351 certo
998 3299 1057 3352 loeo
1072 3304 1089 3354 l.
1104 3303 1147 3356 11.

324 3377 365 3448 ff.
384 3379 416 3434 u·
431 3379 489 3450 quis
501 3381 622 3434 cantion.
638 3381 665 3434 in
678 3363 781 3448 jusdloio
793 3391 840 3434 etc.
860 3381 878 3433 l.
890 3382 915 3434 si
924 3381 1022 3435 sterilis
1032 3384 1074 3439 tt.
1088 3381 1110 3456 ᾗ
1123 3388 1148 3440 3.

325 3459 367 3534 ff.
381 3462 414 3515 de
432 3473 484 3514 act.
503 3473 582 3539 empt.
605 3462 753 3516 Utilitatem
770 3483 817 3518 seu
833 3465 984 3534 prole-uam
996 3466 1066 3520 idem
1077 3487 1147 3536 esse.

334 3546 409 3619 quod
418 3544 534 3618 alicujus
551 3544 694 3610 interesst',
710 3545 931 3602 scilicet-lucrum
947 3553 1107 3618 proueniens
1123 3564 1149 3608 et

333 3628 462 3680 damnum
476 3641 597 3690 morans,
616 3627 714 3682 Coras.
726 3629 752 3679 6.
766 3628 866 3682 Marcel.
882 3631 907 3682 2.
922 3651 949 3684 n.
964 3633 987 3687 1.
1001 3633 1042 3688 Ne
1055 3657 1076 3690 v.
1090 3637 1147 3690 inu·

334 3713 429 3768 sitatus
449 3711 568 3764 risleutur
586 3711 631 3764 bic
651 3713 822 3782 exprimendi
843 3715 954 3782 modus,
972 3721 1092 3788 parallelu
1111 3724 1146 3774 lu-

1192 1305 1249 1345 tuae
1266 1289 1391 1344 utilitatis
1409 1301 1432 1343 et
1449 1287 1648 1358 trrnquiliitrtis
1674 1295 1780 1339 mutnus
1804 1282 1969 1337 munimento
1997 1301 2012 1336 e

1191 1373 1324 1428 Gentibus
1342 1382 1446 1443 recepta
1464 1381 1488 1426 et
1506 1360 1653 1435 obsimus)
1674 1371 1785 1423 docente
1802 1367 1880 1421 (irat.
1892 1365 1935 1420 cit.
1947 1383 2011 1438 pro-

1190 1461 1241 1532 leg.
1259 1459 1294 1511 tls.
1314 1459 1356 1509 18.
1375 1457 1437 1509 etl.
1457 1459 1480 1508 1.
1497 1473 1521 1508 a.
1541 1456 1564 1507 1.
1584 1455 1621 1506 tls.
1640 1452 1665 1505 1.
1685 1469 1713 1504 n.
1739 1453 1763 1503 1.
1793 1451 1909 1522 ipseque*
1927 1449 2011 1504 virtus

1192 1543 1232 1595 sui
1250 1539 1359 1611 quidem
1377 1555 1451 1594 muse
1469 1536 1613 1608 expetentis
1631 1543 1688 1598 est,
1708 1549 1767 1604 spes
1786 1532 1896 1604 proemii
1910 1531 2011 1586 externi

1193 1609 1284 1681 tumen
1300 1623 1401 1677 bomini
1421 1622 1507 1694 prims
1538 1621 1640 1673 neemia
1667 1633 1725 1670 esse
1756 1627 1839 1688 potest
1864 1617 1898 1670 ad
1925 1613 2010 1686 ipsum

1192 1706 1410 1782 amplectentium.
1429 1705 1485 1758 Nea
1503 1704 1552 1756 slis
1573 1691 1645 1770 regui
1664 1698 1768 1753 Christi
1786 1698 1862 1752 initia
1883 1715 1961 1769 quern
1980 1697 2013 1749 ub

1193 1797 1309 1850 externis
1327 1793 1515 1864 discipulorum
1526 1779 1748 1861 persuasionibus
1766 1783 1858 1862 iuisep,
1881 1780 2009 1836 mutationi

1193 1880 1319 1950 saurgai
1339 1875 1550 1929 instrumtiouesn
1569 1871 1656 1944 pulsis
1670 1870 1812 1933 Rumuulv,
1832 1879 1910 1940 atque
1936 1869 1965 1922 ln
1981 1885 2013 1921 eo

1193 1980 1309 2018 summos
1327 1962 1452 2022 bonores,
1473 1973 1579 2010 mouera
1598 1965 1674 2023 etque
1690 1950 1814 2020 divitius,
1840 1951 1868 2006 Ι1
1892 1957 1962 2024 quod
1981 1973 2014 2008 ea

1193 2057 1276 2100 matrs
1293 2045 1439 2098 liberorum
1459 2039 1587 2094 Zelvedaei
1607 2037 1767 2091 Haesisti.
1787 2053 1810 2090 e.
1835 2037 2014 2096 ”euidenter

1192 2139 1303 2184 oonstat.
1319 2129 1375 2182 lieo
1393 2125 1557 2189 Constantini
1577 2139 1611 2175 m.
1637 2139 1774 2193 procerum
1799 2124 1873 2176 aulae
1892 2143 2011 2178 eonver-

1191 2215 1292 2272 siouam
1311 2216 1359 2267 elis
1379 2212 1479 2284 cepisse
1498 2199 1674 2273 ineremeutr,
1693 2226 1771 2279 quam
1791 2227 1838 2280 per
1865 2207 2009 2266 beneficio·

1193 2317 1251 2353 ram
1265 2295 1454 2352 mundanorum
1470 2292 1621 2359 illecebras,
1633 2309 1699 2362 quse
1713 2301 1797 2344 tumeo
1810 2291 1925 2348 ueritatis
1938 2296 2012 2364 egui.

1193 2382 1231 2436 tio
1249 2391 1301 2434 tunt
1320 2377 1412 2432 firmas
1429 2378 1481 2447 egit
1498 2375 1615 2442 tulisses,
1634 2375 1713 2446 ot-su
1731 2371 1811 2429 finem
1837 2392 1919 2446 arque
1942 2378 2012 2429 serio

1193 2465 1221 2519 in
1239 2483 1268 2518 es
1287 2481 1348 2517 oure
1365 2461 1464 2532 posteri
1483 2460 1663 2532 perstiterint,
1691 2475 1776 2528 magu.
1809 2459 1856 2511 dn.
1888 2457 2012 2513 Beomam

1193 2551 1256 2602 diss.
1272 2547 1305 2602 de
1322 2547 1436 2600 turbam.
1466 2544 1540 2614 salgi
1561 2562 1588 2598 e.
1621 2545 1647 2597 1.
1676 2545 1713 2596 tls.
1740 2544 1767 2594 9.
1796 2541 1869 2598 blan
1894 2547 2013 2616 agnoseit

1194 2633 1274 2686 totius
1305 2631 1460 2685 Litbuauiae
1487 2631 1593 2698 ejuspue
1619 2627 1694 2680 dunis
1716 2627 1861 2696 lagellonis
1891 2638 1915 2681 et
1935 2630 2013 2698 hujus
2120 2667 2127 2680 .

1192 2729 1356 2788 posterorum
1374 2721 1510 2784 'susceptu
1518 2721 1544 2764 et
1569 2710 1716 2764 oontiuunts
1747 2711 1839 2781 religio
1851 2761 1853 2768 ,
1867 2711 2014 2766 christinus

1195 2801 1371 2872 principium,
1390 2797 1452 2850 dum
1471 2796 1517 2848 ille
1534 2793 1625 2864 legatis
1642 2795 1671 2846 in
1692 2793 1825 2848 Polouiern
1860 2793 1948 2848 missis
1973 2814 2014 2850 ra·

1193 2904 1272 2955 gnum
1294 2883 1360 2938 ittud
1380 2881 1535 2954 nuptiisque
1554 2877 1689 2950 Hedvvigis
1707 2878 1819 2933 ambivit
1832 2901 1840 2945 ;
1852 2879 2014 2950 promittens

1195 2971 1265 3024 iuter
1282 2971 1350 3037 elie,
1368 2986 1395 3022 se
1414 2961 1568 3036 religionem
1586 2963 1755 3017 christianam
1779 2979 1838 3017 eunt
1865 2965 1939 3018 omni
1969 2983 2014 3019 sus

1196 3054 1335 3106 Lithnania
1354 3062 1380 3108 et
1400 3050 1540 3120 Sumogitiu
1560 3059 1761 3119 suscepturum,
1778 3048 1802 3102 si
1822 3049 1851 3103 in
1871 3065 1956 3120 regem
1972 3051 2015 3103 eli·

1194 3151 1302 3206 geretur.
1321 3135 1512 3191 Celeberrimos
1524 3132 1568 3185 dn.
1583 3130 1786 3185 nutrimentu
1800 3133 1900 3204 republ.
1912 3136 2015 3190 Polou.

1195 3221 1213 3273 l.
1232 3226 1256 3275 1.
1275 3239 1297 3272 c.
1316 3223 1342 3272 2.
1360 3219 1396 3273 tls.
1416 3219 1459 3271 1³.
1477 3217 1537 3270 Non
1555 3213 1657 3268 abludit
1676 3212 1709 3268 ab
1726 3213 1792 3281 boe,
1810 3214 1896 3285 ipsius
1913 3219 1959 3272 ttet
1980 3221 2011 3272 nul

1196 3323 1224 3358 se
1243 3305 1407 3372 diligendum
1426 3299 1588 3356 invitationis
1608 3299 1720 3363 notus,
1748 3297 1793 3368 qul
1817 3299 1939 3368 quidem,
1965 3303 2016 3357 etsi
2051 3321 2054 3325 ·

1197 3387 1267 3441 nulla
1286 3387 1353 3440 louet
1364 3404 1424 3456 spes
1438 3387 1504 3438 vltse
1518 3392 1637 3436 aeternae
1648 3391 1694 3434 sut
1710 3394 1791 3436 metus
1804 3382 1913 3450 inlerui,
1925 3405 2017 3443 aman.

1197 3471 1245 3522 uus
1261 3479 1311 3523 est.
1330 3469 1431 3522 Placuit
1451 3474 1537 3518 lumen
1556 3464 1742 3518 summobono
1762 3465 1823 3519 Euti
1837 3470 2014 3538 promissione

1196 3553 1370 3623 plurimorum
1389 3546 1572 3606 beneficiorum
1592 3557 1626 3603 et
1637 3557 1804 3607 aeternorum
1815 3561 1839 3604 et
1852 3554 2013 3608 terrestrium

1187 3633 1230 3688 'ad
1250 3651 1365 3688 amorem
1384 3633 1423 3686 sui
1439 3633 1559 3704 pellicere
1570 3633 1701 3686 homines.
1712 3632 1784 3686 Hinc
1796 3634 1949 3702 judaeorum
1966 3638 2014 3692 sub

1197 3721 1374 3790 promissione
1393 3716 1591 3771 terraeCunsau
1605 3716 1636 3767 sul
1655 3718 1809 3786 religionem
1827 3718 1960 3788 invitatio,
1980 3723 2013 3777 ml

333 3795 430 3868 qsveudi
440 3795 507 3847 rstio
514 3794 711 3864 conspicituriu
722 3796 874 3850 necessitate
883 3799 1014 3871 proicer,
1031 3822 1080 3873 qua
1094 3823 1148 3857 nso·
1197 3801 1266 3872 quot
1284 3801 1432 3870 exemplum
1451 3809 1478 3853 et
1495 3799 1575 3852 bodie
1592 3799 1698 3868 indueus
1716 3799 1812 3872 aliique
1830 3801 1954 3858 baeretici
1982 3809 2014 3862 nd

335 3877 441 3930 ''¹¹3⁵‘ss
459 3885 569 3928 ⁰¹¹¹¹¹¹¹¹f
586 3888 611 3929 ²¹
630 3877 705 3930 111οω
727 3878 892 3950 intelligunt,
911 3883 969 3936 sine
986 3902 1036 3954 qna
1049 3888 1151 3940 utiliter
1198 3899 1284 3938 uerum
1304 3883 1458 3953 religionem
1476 3882 1649 3935 christianam
1664 3883 1750 3956 pellici
1765 3895 1872 3954 possum
1884 3889 1942 3942 sine
1954 3910 2013 3963 peu.

333 3961 420 4018 vivere
430 3975 482 4012 nou
492 3977 636 4031 possumus.
649 3979 672 4014 r.
693 3961 805 4032 Angelus
817 3963 849 4016 de
863 3963 980 4021 OEauusio
997 3971 1025 4020 in
1043 3988 1150 4024 summu
1200 3977 1257 4021 osto
1273 3977 1301 4019 et
1318 3966 1417 4037 egentis
1434 3973 1460 4018 et
1478 3961 1644 4028 confitentis,
1665 3964 1740 4017 modo
1752 3965 1814 4019 buin
1826 3970 1942 4038 occasio,
1957 3991 2010 4029 uon

335 4042 455 4110 angelica
465 4041 610 4096 decoribus
623 4043 810 4099 eonscientiae
828 4047 866 4098 ad
876 4064 983 4114 uocem,
1001 4052 1150 4106 necessitas.
1200 4066 1274 4103 consu
1292 4049 1373 4101 luerit
1391 4043 1558 4100 beneficium.
1577 4051 1638 4102 ton
1658 4063 1716 4102 uero
1734 4049 1862 4118 injustum
1882 4055 1946 4111 illust
1958 4079 2009 4116 110„

300 4130 317 4179 ²
371 4127 423 4180 Sti
444 4127 557 4194 negleots
576 4127 625 4178 hec
645 4125 781 4178 uerborum
801 4145 881 4196 euru,
898 4131 1084 4186 consonatum
1100 4136 1152 4188 erit
1200 4144 1255 4198 est,
1272 4132 1341 4202 quod
1358 4144 1458 4185 sonore
1477 4132 1533 4184 Deo
1545 4127 1593 4197 fit,
1608 4141 1651 4186 sut
1664 4149 1693 4184 eo
1707 4149 1758 4186 non
1773 4134 1947 4208 improbante,
1960 4147 2005 4216 qut

338 4214 388 4277 irvn
407 4210 492 4283 potins
509 4207 633 4278 l'egslitsti
646 4206 831 4277 inconjunctis
844 4211 951 4265 uocibus
971 4215 1151 4270 demonstran·
1200 4217 1321 4284 quouirin
1339 4214 1620 4284 perfectissimum,
1652 4231 1703 4269 uon
1733 4229 1820 4288 potest
1851 4239 1903 4280 non
1930 4187 2017 4295 jum:

337 4296 400 4360 due,
417 4297 490 4361 cuins
507 4294 636 4350 rationem
661 4293 753 4347 reddet
780 4310 831 4348 nou
864 4295 995 4352 inutiliter
1027 4303 1152 4357 movendo
1200 4299 1293 4367 agendi
1312 4299 1406 4352 bebere
1423 4298 1542 4352 sitiones.
1561 4297 1608 4351 cit.
1625 4297 1688 4350 diss.
1705 4301 1739 4354 de
1755 4305 1870 4360 turbant.
1889 4310 1967 4379 uulgi
1990 4331 2015 4369 ο,

335 4376 468 4444 ‘immitis
488 4396 524 4430 ω’
541 4375 699 4429 0111Ῐῖ11111)
723 4377 849 4440 utilitatis
878 4395 900 4431 t·
922 4379 1042 4452 proficui
1069 4405 1151 4440 eausa
1193 4383 1237 4448 sb.
1257 4379 1497 4437 saliniensem
1515 4381 1591 4433 modo
1609 4382 2017 4453 eteivilitatemiuterhonsin'es

335 4457 517 4526 enemeresas
532 4457 586 4510 sit?
603 4461 669 4511 bem
688 4456 913 4536 dificilemiorte
931 4465 1065 4519 butsitorut
1092 4485 1152 4521 enm
1200 4468 1315 4522 exerceri
1334 4483 1409 4538 posse
1425 4465 1485 4537 quis
1502 4463 1620 4532 dubitem
1640 4466 1767 4522 nimirum
1788 4473 1910 4531 utilitstis
1929 4498 2003 4536 osus.

335 4539 657 4602 morinummontem
676 4542 698 4593 si
719 4541 745 4592 in
763 4539 947 4596 affirmativum
975 4548 1150 4610 inclinavere,
1199 4567 1257 4606 outo
1276 4551 1304 4604 ld
1322 4551 1374 4624 ipsi
1391 4550 1443 4619 juri
1460 4557 1566 4602 uslorre
1583 4559 1607 4603 et
1626 4550 1740 4605 textibus
1766 4551 1865 4611 silvini,
1889 4525 2015 4620 {umus

286 4705 288 4711 ,
334 4641 396 4680 eura
415 4627 568 4709 eonomine
586 4621 1153 4702 &meatui-m,qutuomtnesjumstti
1200 4635 1276 4688 niens
1294 4651 1345 4687 non
1365 4631 1414 4688 sit.
1434 4642 1460 4687 ut
1476 4631 1586 4684 dietum.
1605 4631 1675 4686 iluin
1694 4650 1745 4688 uon
1768 4636 1825 4692 leve
1852 4641 1929 4700 affert
1960 4667 2016 4703 mo-

339 4709 454 4761 ntilitate
471 4706 607 4770 sanxisse,
617 4707 716 4778 jusque
735 4709 857 4762 naturale
869 4711 973 4764 nullum
984 4731 1040 4768 esse
1052 4713 1149 4782 docuit,
1200 4731 1315 4776 mentum
1336 4730 1421 4778 textus
1439 4715 1584 4788 seripturae
1598 4717 1695 4771 itastis.
1719 4723 1782 4774 VII.
1803 4725 1845 4780 tt.
1863 4749 2010 4800 quaecum.

200 4875 204 4886 Ι
334 4791 407 4862 “Pl‘d
423 4793 547 4888 Gfflstjm
565 4791 666 4888 '¹¹i’¹¹¹²¹
684 4791 702 4841 ¹·
721 4791 788 4862 did·
808 4793 831 4844 b·
850 4805 877 4847 ‘²
892 4813 919 4861 l’·
934 4799 1035 4870 proleg.
1061 4803 1098 4856 tls.
1125 4805 1150 4856 1.
1199 4823 1249 4871 que
1265 4803 1403 4858 uolueritis
1420 4799 1575 4869 utsisoiant
1592 4798 1664 4854 uobis
1681 4799 1818 4872 homines,
1844 4813 1884 4864 aa
1912 4825 1939 4867 ,ρ
1962 4836 2016 4875 ‚m

252 4919 266 4958 ,⁴-
333 4891 385 4925 ⁹²⁰
404 4874 557 4938 ¹'immitit
575 4881 658 4926 ΜΝ
674 4876 745 4924 ‘m'm
760 4891 811 4945 per
826 4891 855 4928 re
866 4880 1030 4946 repetenda,
1044 4893 1151 4938 streete
1191 4889 1280 4958 finite
1296 4887 1342 4942 eis.
1361 4886 1413 4938 Hie
1431 4882 1575 4954 praemittit
1595 4893 1707 4938 servator
1724 4885 1810 4956 prima
1829 4903 1954 4963 nuturae,
1967 4919 2014 4954 „u

326 4958 515 5054 sacrifieisse
533 4973 631 5012 merom
648 4961 710 5022 est‚'
722 4975 830 5011 nervose
844 4961 879 5012 itu
893 4961 1040 5020 disserente
1053 4968 1150 5024 Seneca
1199 4972 1299 5041 primos
1317 4981 1417 5032 motus,
1436 4969 1454 5020 i.
1475 4983 1497 5019 e.
1518 4964 1654 5026 militatem
1673 4968 1809 5040 proprium
1819 5013 1827 5039 ‚
1844 4977 1917 5044 epp„
1928 4997 2016 5037 00⁰„

337 5051 414 5111 811111·
430 5045 475 5095 81·
497 5047 573 5111 Quae
588 5041 693 5113 quedem
712 5041 865 5112 lamfi'mss
883 5055 958 5112 ”inis
978 5055 1024 5112 tib
1043 5049 1152 5126 rilumil
1199 5054 1316 5124 quentiae
1332 5050 1456 5122 cogilsllo
1473 5047 1676 5104 inoitnneovum
1695 5051 1731 5104 sil
1748 5054 1781 5108 etl
1793 5055 1880 5112 officis
1891 5069 2015 5132 proximo

336 5127 474 5190 daremus.
492 5127 639 5195 quadrina
656 5141 760 5180 summo
778 5126 875 5182 scelere
892 5127 959 5181 dari
974 5133 1081 5205 nequis,
1094 5153 1151 5190 uon
1199 5136 1351 5207 praestruis
1370 5132 1530 5204 gratissime.
1548 5131 1606 5184 1¹⁰0
1625 5133 1714 5201 ῑΡῦῦΙῠ
1734 5153 1794 5192 teto
1813 5158 1860 5210 per
1876 5146 2015 5209 ciuilitstis

333 5225 388 5266 stre
411 5209 496 5262 Deum
514 5218 564 5262 aut
581 5225 638 5262 non
656 5212 751 5263 curari
765 5211 799 5262 al
819 5229 851 5265 eo
875 5214 1001 5284 negotia,
1025 5217 1061 5272 it.
1087 5237 1149 5289 gr..
1198 5218 1310 5271 artiones
1329 5214 1465 5288 expediri,
1485 5230 1560 5283 quem
1580 5215 1680 5284 optime
1705 5217 1791 5288 ipsius
1808 5223 1943 5284 civilitatis
1969 5233 2015 5290 sla.

273 5355 275 5358 .
334 5295 402 5346 viter
418 5302 613 5363 argumentante
629 5294 727 5346 Grotio
743 5293 770 5346 d.
784 5296 885 5368 proleg.
900 5299 924 5363 ,ς
940 5302 982 5354 11.
996 5299 1071 5356 Cous.
1084 5305 1148 5376 Tuy·
1201 5309 1444 5362 monstretuuture,
1463 5314 1540 5366 quern
1559 5297 1587 5348 iu
1606 5291 1746 5368 spontrnea
1771 5308 1869 5375 jurium
1903 5285 2021 5373 ttslnuis·⁸

332 5378 373 5428 lnr
389 5379 486 5444 ductor
512 5379 631 5432 dutus,
650 5379 761 5446 2021.
781 5385 802 5442 §.
822 5379 847 5432 1.
865 5381 941 5435 Nihil
972 5393 1059 5440 tumen
1090 5390 1149 5444 ideo
1199 5383 1272 5437 sione
1290 5395 1367 5454 etque
1382 5366 1531 5436 officiorum
1549 5381 1761 5450 gratissimorum
1781 5389 1942 5452 exhibitione
1956 5415 2016 5454 con·

242 5489 248 5498 “
333 5470 469 5530 '¹¹⁸⁰‘P¹⁸⁰
488 5462 592 5516 ‘lffl‘lli
610 5461 768 5528 119111ἷοΰῆ
786 5481 866 5533 ‘imi
885 5475 915 5518 ut
933 5469 1000 5536 iustu
1027 5474 1148 5542 supplen-
1198 5470 1305 5534 sistere,
1325 5466 1457 5521 eoustnbit
1477 5464 1597 5520 iuferius.

335 5555 376 5596 '⁰‘
394 5546 552 5614 Pfflbtllossb
567 5547 594 5599 in
609 5547 769 5600 antecessum
784 5547 919 5602 adductum
935 5552 978 5606 bie
990 5555 1066 5608 velim
1080 5555 1147 5610 Stoi·
1232 5555 1292 5607 lam
1312 5569 1371 5606 vern
1389 5555 1417 5606 in
1436 5553 1519 5606 altero
1536 5549 1720 5603 distinctionis
1739 5555 1871 5626 membro,
1896 5579 1930 5616 an
1956 5584 2016 5638 pro.
2035 5575 2053 5626 g

329 5644 434 5694 mlum.
451 5644 483 5681 0¹
498 5629 777 5703 ῑθῑῑῑῖθΰέβῖθέῑθΰῖθ
790 5629 821 5695 ‘ie
828 5629 933 5702 fiuu'ins
946 5638 1047 5708 eltegsti
1062 5641 1143 5695 etism
1197 5647 1256 5711 pter
1274 5638 1412 5693 utilitatem
1430 5635 1571 5691 seeundum
1583 5639 1768 5706 consequentis
1780 5652 1888 5702 ostreae
1900 5665 1944 5707 seu
1958 5667 2016 5706 mu.

150 5750 154 5751 ’
268 5737 298 5792 s
