4408 6202
375 266 446 320 lucu
928 259 1114 317 DiSPideT·
1131 256 1227 312 XVlii.
1242 257 1357 314 CdPs'i'
1369 259 1403 314 il.
1926 257 2003 314 1082

317 361 423 417 uarinm
444 359 547 431 generis
564 357 684 414 bumsui.
704 359 763 412 iiue
788 357 874 412 rei-ro
899 367 924 412 et
952 355 1090 412 Ciceronis
1108 354 1149 404 di·
1199 357 1403 418 mnnstraarrit,
1422 365 1448 408 et
1468 357 1579 410 maritus
1598 356 1656 410 sine
1675 359 1743 427 ju'sta
1769 367 1918 410 eausam
1944 357 2059 410 ratione

317 457 388 499 etum
409 444 476 497 baud
498 443 687 498 inrnnelunum
707 445 733 496 2.
752 441 830 514 offic.
854 446 962 510 primu,
980 444 1086 511 inquit,
1103 459 1145 494 ιο·
1198 436 1364 505 dissuaserim
1384 438 1441 512 ipsa
1459 457 1526 494 neor
1543 455 1605 496 sero
1630 443 1659 494 in
1682 442 1820 513 mogontie
1849 439 1967 494 nedum
1995 457 2054 494 non

318 528 399 583 eietos
420 527 448 581 iu
478 527 626 599 eonjnga'o,
648 527 783 600 proximo
801 527 829 579 ia
848 525 954 589 liberis,
972 525 1070 578 deiude
1089 543 1146 578 nuo
1198 521 1315 574 moetas.

283 613 429 676 dilemur,
454 613 610 664 eemmnuiu
633 609 737 664 omnin.
765 611 854 664 Potius
880 611 969 664 mariti
996 619 1051 675 est,
1078 607 1147 662 ioris
1232 603 1397 656 Euontrario
1415 622 1483 660 amor
1500 620 1629 680 psorem
1650 611 1755 664 murtsie
1772 609 1947 670 eomaittir,
1960 609 1989 661 si
2002 625 2052 679 pe·
2072 625 2107 678 ῃ

315 705 394 768 perta
413 693 522 758 aueum
542 695 650 759 neoris,
671 695 756 757 intus,
775 710 841 766 qnae
865 695 960 757 alisia,
985 704 1147 746 conservare.
1194 687 1299 739 eunium
1309 698 1335 740 et
1348 693 1519 758 qtuutitatrm
1531 693 1670 746 notabilem
1685 695 1779 746 marito
1794 711 1833 747 ex
1848 695 1921 756 iusta
1936 694 2049 745 ratione

318 782 402 833 Arist.
421 781 447 835 d.
466 781 529 834 tier.
549 783 573 832 l.
591 797 686 832 oecon.
703 795 726 830 e.
746 781 771 830 3.
788 797 853 849 quse
872 797 925 830 nou
948 780 1036 831 missor
1064 778 1144 830 sirtns
1195 769 1277 823 invito
1295 772 1431 827 anientet
1449 793 1524 829 snum
1543 778 1607 847 quid
1626 779 1751 846 priuatim
1771 779 1871 832 iaciat.
1893 776 2052 830 metiore

318 876 360 917 est
375 881 452 936 qnam
471 881 603 935 quaerere.
622 863 762 916 Wisseub.
782 860 879 932 libffi
899 863 942 914 23.
962 861 1001 915 rit.
1020 861 1053 914 de
1076 877 1098 912 r.
1118 879 1144 911 aa.
1189 853 1482 926 Ῐιιιι.ι1ι“ιρ.2“12.ιοιιι.
1502 862 1527 914 2.
1549 862 1653 916 [ιιιίιιι
1669 865 1716 917 tii.
1736 866 1760 916 2.
1777 884 1845 936 cep-
1871 865 1920 916 ts.
1941 865 1979 916 de
2008 864 2054 914 iu·

266 962 284 1014 9
317 947 384 1016 disp.
404 947 447 998 ii.
465 947 501 998 tls.
528 948 571 998 si.
590 947 758 1016 Quapropter
776 943 917 997 damnandi
938 945 1077 1012 eouluges3
1095 941 1141 1012 qui
1185 933 1579 1008 junfirtnu.dnd.1i.u.82
1594 945 2049 1017 utttt3.titt.ts.eap.sitien
2072 983 2102 1034 ῃ

319 1048 377 1083 unm
397 1029 448 1082 sibi
468 1031 580 1084 insieem
599 1047 709 1100 eorpus,
728 1028 845 1082 inimum
863 1037 890 1082 et
903 1029 982 1080 sitam
1000 1042 1070 1079 suam
1085 1041 1143 1077 ere·
1192 1033 1218 1076 ιιι
1235 1024 1291 1076 soil.
1309 1041 1366 1077 eam
1385 1026 1485 1081 ebartis
1502 1029 1609 1082 lusoriis
1626 1032 1736 1100 perdat,
1750 1033 1790 1084 sel
1807 1033 1902 1085 nimis
1919 1031 2048 1103 pretiosa

319 1117 381 1170 dere
399 1116 546 1180 debebant,
569 1115 635 1168 bona
660 1115 826 1166 committere
853 1115 1005 1167 detreetaut.
1031 1109 1141 1162 videsis
1191 1107 1346 1158 vestimenta
1364 1118 1450 1172 emat,
1468 1127 1527 1162 eum
1548 1111 1581 1164 ita
1607 1111 1705 1165 loculos
1729 1115 1780 1167 siri
1808 1113 1987 1178 exhauriris
2020 1125 2049 1169 et

321 1199 458 1252 Gsdumell.
476 1200 505 1251 ιἰι
520 1199 569 1252 tis.
576 1197 635 1266 fin.
654 1199 687 1250 de
697 1215 726 1250 re
739 1207 804 1250 ruet.
821 1199 851 1250 iu
868 1195 986 1267 praestit.
1000 1195 1141 1262 Tiraqneli.
1190 1205 1266 1258 saepe
1284 1194 1392 1245 obsonio
1411 1197 1506 1253 marito
1523 1206 1598 1250 extra
1617 1197 1723 1252 domim
1742 1201 1777 1252 ed
1791 1199 2047 1272 pulchritudinem

266 1285 368 1356 ldieg,
394 1284 509 1339 conatii.
528 1285 554 1336 8,
573 1303 601 1336 u.
619 1285 644 1336 d.
669 1282 802 1350 Lyciam
828 1283 853 1334 t.
874 1281 983 1336 membr.
1006 1280 1049 1332 27.
1069 1277 1140 1328 iiior
1189 1291 1217 1326 se
1235 1289 1317 1330 oomat
1337 1294 1366 1330 so
1382 1293 1471 1344 uroet,
1487 1283 1573 1353 qualis
1591 1281 1705 1336 iunio·
1721 1284 1787 1337 baud
1804 1287 1968 1353 injnateea
1984 1303 2049 1338 aaa.

316 1378 448 1438 tamquam
466 1365 555 1420 fidelis
573 1368 689 1436 adiutrix
711 1367 776 1418 bona
792 1359 1141 1433 maritiumnemquel'ami-
1190 1360 1274 1408 tentia
1288 1359 1427 1429 Euripidis
1439 1365 1467 1416 iu
1486 1365 1573 1419 eibum
1590 1365 1767 1435 improbarum
1782 1367 1950 1422 referenda.
1966 1367 2050 1422 ttiiit

318 1449 380 1502 iiam
399 1468 448 1522 pro
466 1451 578 1504 arbitrio
595 1461 622 1502 et
641 1451 772 1503 voluntate
784 1449 886 1502 domini
902 1449 957 1501 sire
970 1447 1059 1500 masiti
1073 1455 1142 1500 reete
1189 1443 1261 1494 euim
1281 1461 1336 1496 eam
1356 1463 1448 1512 eogere
1465 1446 1533 1502 l'oris
1551 1459 1670 1504 ornatam
1690 1468 1750 1521 prae
1768 1468 1796 1504 se
1820 1450 1902 1512 serre
1923 1450 2047 1518 laniem,

317 1533 444 1600 pubernat
463 1550 492 1586 ae
510 1534 693 1596 administrat,
712 1542 767 1585 utut
786 1533 885 1586 unllam
906 1531 1140 1584 saeressitatemle·
1190 1527 1243 1578 uisi
1261 1529 1326 1596 qnid
1347 1529 1435 1582 itttetit
1456 1549 1485 1583 ao
1505 1535 1705 1604 maliquueratg
1724 1544 1769 1588 aut
1794 1536 1820 1587 si
1854 1537 2045 1590 temulentiae
2141 1534 2149 1545 '

315 1631 362 1682 ges
382 1617 523 1686 imponent.
542 1619 560 1668 l.
581 1618 607 1669 8.
626 1635 685 1687 cop.
704 1618 736 1670 de
752 1627 823 1686 pert.
843 1625 968 1668 convent.
989 1613 1054 1665 lid.
1076 1614 1143 1666 Petr.
1190 1610 1424 1676 deditu,usonine
1443 1619 1554 1670 moritus
1574 1630 1643 1672 rente
1666 1637 1696 1670 au
1721 1619 1817 1672 ordine
1848 1619 1937 1685 iacit,
1969 1622 1992 1672 si
2019 1623 2044 1674 ei

319 1698 363 1752 rr.
382 1699 518 1756 Tondutns
534 1700 564 1752 r'n
577 1702 684 1754 resolui.
699 1712 826 1755 controv.
840 1701 895 1753 civ·
909 1717 930 1751 c.
953 1699 1013 1750 1⁰0.
1191 1699 1275 1748 taedia
1298 1700 1341 1750 itta
1361 1701 1459 1752 autern
1479 1713 1556 1770 atque
1573 1705 1735 1758 aouaiooen
1763 1705 1903 1774 peccandi
1936 1705 2043 1759 «lomet,

266 1805 298 1859 Η
354 1782 393 1838 Er
410 1786 506 1857 quibus
522 1787 635 1856 oottigo,
654 1801 763 1839 uxorem
782 1799 831 1853 pro
856 1783 942 1836 lubitu
968 1798 1044 1851 posse
1068 1780 1141 1832 edire
1193 1781 1265 1833 tilios
1283 1800 1358 1847 sero,
1376 1784 1400 1838 si
1419 1787 1542 1855 oenjngea
1561 1786 1613 1840 sibi
1633 1788 1746 1842 ieaioem
1766 1789 1834 1859 quid
1865 1790 2042 1862 surripiant,
2063 1806 2092 1857 ῃ

316 1885 401 1922 aream
411 1869 496 1924 meriti
510 1869 693 1934 nummariam,
708 1867 770 1920 dors
781 1863 892 1938 siefrey
902 1885 951 1920 sur
963 1868 1043 1922 Curre
1051 1867 1140 1933 gelasia
1163 1869 1167 1950 Ι
1192 1866 1231 1916 sei
1250 1882 1291 1918 res
1311 1868 1447 1936 proprias,
1466 1869 1506 1922 sel
1522 1869 1639 1934 dotales,
1662 1879 1802 1926 apamia
1833 1875 2042 1942 murmuro,

315 1953 426 2019 inrue,
443 1953 474 2005 ad
493 1954 668 2024 expendenda
685 1953 791 2024 quaeris
804 1951 949 2004 necessaria
964 1949 991 2000 iu
1006 1950 1141 2002 universio
1192 1957 1244 2000 tam
1264 1949 1408 2002 vindicatio
1425 1969 1502 2019 quam
1522 1955 1657 2008 condietis
1669 1956 1735 2022 juria
1746 1959 1887 2026 gentium,
1902 1976 1953 2014 eae
1968 1964 2041 2015 aesia

261 2020 299 2077 Η
312 2033 434 2088 l'sm‘tiiae
450 2036 658 2088 euotoueutnu
676 2033 893 2090 eioommodnru.
909 2031 1034 2099 seuquid
1049 2033 1071 2083 si
1086 2049 1140 2084 sue·
1191 2031 1218 2082 iu
1232 2030 1327 2086 iactum
1343 2035 1489 2104 competit,
1505 2048 1532 2089 et
1551 2049 1605 2090 utra
1625 2040 1717 2092 sotum
1734 2041 1774 2091 uti
1794 2053 1930 2110 pessume.
1952 2043 1973 2095 1.
1995 2045 2041 2098 21.

312 2117 385 2171 ritus
405 2125 456 2172 tata
476 2118 611 2182 sordidus,
636 2132 726 2171 aratus
750 2126 828 2185 atque
853 2115 1030 2184 suspiriosus,
1057 2115 1092 2166 ita
1112 2125 1141 2166 nt
1189 2127 1216 2167 et
1235 2115 1328 2185 diff
1345 2130 1395 2170 aaut.
1416 2136 1466 2172 rer·
1486 2139 1540 2174 om.
1563 2123 1612 2190 leg.
1634 2123 1659 2174 2.
1676 2143 1699 2177 e.
1716 2124 1776 2178 eod.
1798 2127 1912 2195 Meyer.
1936 2130 2039 2201 colleg,

314 2199 408 2252 moris
429 2196 493 2252 fidei
512 2219 588 2271 pastea
607 2203 645 2256 ael
663 2203 742 2272 piane
761 2199 829 2252 nibil
847 2199 995 2252 committat
1008 2213 1037 2247 ar
1050 2200 1141 2264 tradat,
1192 2219 1251 2272 arg.
1270 2205 1295 2256 i.
1314 2213 1333 2258 ι.
1355 2207 1405 2258 iat
1423 2207 1445 2259 si
1466 2207 1573 2262 meritus
1591 2226 1651 2262 outo
1670 2211 1765 2265 de'site
1779 2215 2034 2286 uxoriseegrede-

317 2298 350 2334 ex
367 2300 419 2352 quo
437 2301 465 2337 se
482 2285 585 2354 ipsam,
602 2296 676 2356 atque
695 2283 824 2336 familiam
844 2298 997 2334 rousersare
1010 2285 1104 2349 poam,
1118 2292 1142 2335 et
1191 2297 1340 2350 sperasset,
1361 2288 1493 2358 subreptis
1510 2291 1666 2361 quibusdam
1687 2297 1763 2346 rebus
1777 2295 1954 2362 tironium,
1970 2308 2034 2354 mne

316 2368 380 2437 quid
399 2369 422 2421 si
442 2368 550 2420 maritos
569 2368 634 2420 illud
653 2371 677 2421 ei
697 2368 830 2438 expressis
848 2365 936 2420 serbis
955 2363 1142 2436 prohibuerit?
1191 2367 1214 2417 si
1235 2367 1423 2423 reeunudnerie
1442 2387 1524 2438 uxor,
1545 2373 1621 2424 aritia
1641 2391 1728 2428 “mm
1745 2390 1903 2432 „nomm
1918 2382 1996 2435 ,0¹5⁰
2014 2383 2038 2434 ,q

315 2467 389 2522 resp.
408 2451 516 2506 irridet
534 2453 582 2506 boe
599 2470 659 2506 csso
678 2452 753 2506 nobis
771 2452 901 2504 sententia
928 2453 1141 2512 moralistaruns,
1188 2463 1245 2498 nou
1265 2449 1425 2516 ‹tenegaude
1443 2454 1461 2506 l.
1479 2455 1522 2508 21.
1535 2453 1621 2528 puffi
1634 2459 1691 2510 dr.
1706 2459 1843 2514 Aetionem
1861 2463 1943 2516 euim
1959 2463 2036 2531 lorti,

313 2531 525 2601 affirmantium,
544 2552 652 2590 osorem
666 2538 732 2589 elam
753 2536 799 2589 tati
819 2537 914 2587 marito
932 2534 1067 2605 pecuniam
1083 2535 1143 2588 sine
1191 2541 1280 2599 utpote
1294 2541 1345 2583 tam
1366 2545 1467 2604 turpem
1486 2550 1560 2608 atque
1577 2551 1703 2604 atrocen,
1722 2545 1779 2611 jura
1799 2546 1828 2598 in
1850 2547 1921 2600 teies
1943 2565 2033 2620 pem.

317 2631 422 2687 peceato
440 2632 514 2689 atque
531 2620 620 2672 illaesa
639 2621 795 2674 eonscientia
820 2618 938 2681 unieme,
964 2617 1044 2688 inque
1068 2636 1141 2672 suam
1191 2631 1253 2678 uss,
1271 2615 1336 2670 eden
1354 2617 1405 2670 sibi
1425 2621 1593 2688 ooujuuetss,
1612 2625 1647 2676 ob
1677 2627 1800 2680 bosmrem
1830 2633 2032 2696 matrimonii,

316 2704 356 2758 set
374 2705 518 2758 iibernrmo
537 2706 575 2758 rel
593 2704 711 2758 familiae
727 2705 868 2758 utilitatem
891 2705 1043 2776 impendere
1056 2723 1140 2775 posse.
1191 2702 1334 2754 rnasoedere
1352 2703 1509 2759 erubeseunt
1526 2706 1546 2758 l.
1559 2705 1664 2777 d-ffia.
1684 2711 1784 2766 r.a.1.
1803 2713 1855 2766 salt.
1868 2734 1892 2768 e.
1910 2715 2031 2787 desere.

316 2785 462 2855 Faguudez.
479 2789 508 2842 s‘u
534 2791 561 2846 'L
583 2789 831 2860 preeeeptslleeal.
848 2788 892 2842 tii.
911 2789 937 2840 t.
954 2807 978 2840 e.
997 2790 1024 2839 8.
1044 2807 1072 2840 n.
1096 2788 1140 2840 li.
1192 2785 1258 2837 t‘nn
1277 2784 1359 2855 Greg.
1378 2789 1485 2842 Tuetoa.
1503 2790 1548 2844 tit.
1570 2793 1613 2848 st.
1630 2805 1761 2867 syntagm.
1771 2799 1834 2872 jur,
1863 2804 1948 2858 um,
1976 2823 2032 2871 m,

263 2875 300 2931 1³
318 2868 400 2932 Nam,
420 2871 515 2940 absque
532 2873 699 2928 adiuratione
715 2874 823 2924 maritus
838 2879 889 2926 tam
904 2872 996 2926 uuerbe
1008 2891 1036 2922 ae
1051 2873 1141 2942 inique
1192 2869 1234 2918 tt.
1255 2884 1281 2918 u.
1298 2870 1322 2919 1.
1345 2871 1521 2926 Dambonder.
1540 2875 1567 2926 iu
1580 2891 1624 2942 pr.
1635 2878 1711 2930 erim.
1729 2896 1751 2930 e.
1773 2883 1833 2934 110.
1856 2903 1888 2938 aa.
1911 2885 1959 2938 il,
1976 2905 2031 2956 aeq,

317 2964 409 3007 troutat
428 2972 551 3019 osorem,
564 2955 593 3009 io
607 2956 647 3010 sni
664 2957 747 3025 ipsius
758 2965 785 3008 et
799 2955 926 3010 bonorum
940 2956 1140 3021 detrimentum,
1190 2950 1253 3002 lieet
1272 2967 1324 3004 uon
1350 2954 1474 3019 abnuam,
1497 2953 1598 3009 iustum
1619 2974 1704 3012 reuera
1728 2963 1796 3018 iuter
1814 2972 1948 3037 rosajugee
1967 2966 2028 3022 fieri

316 3037 467 3106 itonegmeo
487 3037 604 3092 familiae
621 3039 786 3104 necessario,
804 3039 878 3104 ouius
905 3049 990 3092 tameo
1018 3041 1140 3109 indigen.
1191 3049 1282 3103 posse,
1301 3035 1344 3086 sed
1366 3045 1465 3089 tautum
1487 3038 1644 3109 dioeudum,
1662 3041 1727 3096 furti
1746 3049 1951 3104 sotionemtaie
1972 3070 2025 3105 „aa

316 3117 382 3171 sian
402 3127 430 3170 et
447 3119 627 3174 nenessitatem
645 3121 747 3191 optime
766 3121 856 3184 norit,
874 3131 952 3192 atque
964 3139 1014 3173 uun
1029 3122 1067 3172 illi
1081 3139 1138 3174 suu·
1189 3119 1307 3170 obtinere
1325 3120 1417 3171 lorum.
1435 3121 1585 3175 Giesebert.
1603 3123 1632 3175 iu
1650 3123 1739 3180 dorm.
1760 3133 1838 3186 Dent.
1853 3151 1878 3186 e.
1890 3135 1917 3185 li.
1936 3153 1961 3190 o.
1977 3139 2023 3188 lit.

265 3223 297 3274 qq
316 3203 417 3262 esurite
436 3221 459 3256 ι.
475 3221 499 3254 r.
519 3203 628 3256 moritus
647 3201 756 3272 denegat
773 3200 885 3273 ,fittatsm
909 3203 1085 3266 uestimenta,
1105 3205 1141 3259 ita
1191 3218 1219 3252 u.
1232 3201 1295 3252 int.
1313 3202 1408 3255 matti.
1426 3203 1519 3273 Stepb.
1535 3206 1572 3258 ud
1583 3219 1670 3260 ronst.
1682 3211 1758 3266 erim.
1770 3226 1823 3268 aare.
1838 3220 1904 3272 165,

318 3296 347 3337 ut
367 3303 414 3338 uec
432 3285 460 3338 iu
481 3287 614 3356 publicum
634 3285 755 3358 prodire,
773 3305 821 3340 neo
839 3304 909 3341 saura
929 3287 1004 3340 adire
1022 3291 1140 3358 possint,
1229 3287 1327 3338 Verum
1344 3289 1418 3338 euim
1437 3305 1498 3340 reru
1511 3290 1587 3358 longe
1605 3295 1655 3344 siia
1668 3293 1768 3350 viderur
1783 3315 1841 3355 ω.
1855 3307 1926 3360 „130
1951 3307 2022 3361 pum
2039 3327 2068 3376 ἢ

317 3381 376 3426 unc
394 3371 416 3424 si
440 3381 523 3429 mater
542 3387 589 3440 pro
613 3367 719 3423 titiano
743 3371 869 3438 quaedem
895 3368 1011 3434 unierat,
1035 3373 1062 3422 in
1081 3389 1140 3426 coo-
1194 3384 1317 3439 persooas
1338 3371 1455 3424 illustres
1473 3382 1553 3442 atque
1566 3377 1693 3443 publicas,
1712 3399 1771 3435 eom
1786 3389 1904 3456 reginae,
1926 3408 2022 3446 ,ηοω

313 3455 502 3508 scientiaeaut
529 3471 646 3508 securam
674 3470 731 3507 esse
748 3453 886 3512 existimo,
915 3455 1067 3524 ueqneboe
1086 3456 1144 3524 ipso
1195 3454 1321 3512 illustres,
1340 3453 1457 3506 doeissae
1471 3459 1510 3508 sei
1521 3461 1672 3514 eomitissne
1686 3465 1714 3516 io
1728 3466 1793 3518 baua
1808 3487 1903 3540 rogum
1917 3487 1944 3528 et
1965 3495 2021 3526 ma-

267 3578 301 3630 ffi
318 3547 405 3606 penest
423 3547 512 3590 eontra
530 3538 710 3591 obedientiam
732 3535 820 3589 meriti
841 3535 965 3588 debitam.
984 3537 1033 3588 Vei
1047 3537 1068 3586 si
1084 3538 1142 3604 ipsa
1197 3537 1308 3588 sitorum
1322 3553 1425 3590 suornm
1440 3541 1602 3607 praedictam
1617 3550 1827 3603 oommuuinuem
1843 3556 2021 3610 habetatum!

317 3636 385 3674 urm
403 3638 479 3690 aegra
498 3631 523 3673 et
542 3621 673 3684 ionttta,
687 3628 731 3672 aut
743 3619 807 3671 alias
820 3620 853 3669 ad
868 3619 1036 3672 recreandum
1053 3637 1148 3690 eorpus
1194 3618 1386 3688 intelligantur:
1403 3640 1455 3690 qno
1473 3641 1532 3676 osso
1551 3642 1640 3680 earnm
1659 3647 1733 3684 esuss
1748 3643 1774 3686 et
1786 3638 1909 3693 nundinio
1929 3643 2022 3694 ,tutior

2053 2507 2081 2558 it

318 3702 454 3760 interdum
473 3703 504 3754 ad
518 3705 686 3773 oenopoiium
700 3704 740 3756 sel
752 3703 844 3754 uellam
859 3703 987 3755 vinariam
1000 3717 1145 3774 surreptam
1196 3716 1253 3753 esse
1272 3703 1374 3756 ridetur
1392 3723 1469 3774 quam
1489 3709 1648 3776 priuatarum
1669 3730 1798 3769 uxorum:
1813 3735 1959 3792 eapropter
1973 3741 2018 3794 pa·
2038 3751 2067 3800 ,ᾖ

319 3787 456 3857 isonat-n
477 3790 578 3848 mittat,
597 3798 671 3840 estre
690 3797 789 3840 reaturo
815 3785 881 3847 erite
910 3801 967 3837 rom
995 3795 1022 3837 et
1040 3793 1145 3858 corpori
1197 3799 1257 3834 rum
1276 3789 1408 3839 commodi
1428 3805 1535 3859 sperare
1547 3803 1669 3862 poterunt
1689 3809 1748 3866 post
1766 3805 1928 3860 maritorum
1949 3825 2017 3860 mor·

318 3871 401 3921 bonos
418 3871 454 3920 sit
473 3869 623 3932 habentius,
643 3880 669 3923 ιιι
686 3870 859 3938 respiratione
884 3868 969 3935 otiqoa
996 3878 1024 3920 et
1047 3887 1147 3924 recrea.
1196 3875 1257 3929 tetn,
1277 3871 1484 3940 necquidquam
1507 3875 1537 3924 ad
1558 3877 1616 3930 ilias
1635 3879 1798 3949 deuoluitur,
1819 3889 1864 3938 sed
1891 3891 2016 3944 ‹letalitio

322 3951 397 4004 tione
420 3951 562 4003 ualetudini
583 3963 685 4006 uestrae
704 3953 885 4015 nooaotauns,
910 3950 942 4002 ad
960 3951 1028 4020 qnod
1048 3965 1074 4004 et
1093 3957 1144 4022 jum
1195 3961 1329 4006 oonteutae
1348 3957 1435 4008 risere
1455 3968 1584 4010 teueotur.
1604 3961 1643 4013 De
1656 3983 1704 4030 qua
1724 3970 1831 4021 matoria
1846 3989 1881 4024 ex
1894 3975 2016 4042 proiesso

323 4040 378 4084 turo
398 4033 504 4086 nomine
522 4035 706 4088 alimentorum
725 4035 855 4102 obligatus
874 4045 938 4085 eret.
959 4036 1100 4090 Arnisaeus
1113 4039 1145 4090 de
1194 4037 1248 4102 ”gii
1266 4038 1383 4104 Myiiiui
1401 4035 1434 4088 ib
1455 4036 1572 4089 Ehifflb·
1591 4041 1618 4091 ¹¹⁰
1646 4044 1812 4117 G⁰m⁰¹⁰8¹l⁸
1828 4068 1901 4117 Wi-
1922 4053 2015 4121 imile*

320 4117 437 4172 camb,
455 4135 479 4170 ς,
498 4119 523 4168 7,
541 4131 604 4171 me,
623 4121 648 4172 si,
669 4136 745 4172 ηηιιι.
765 4119 809 4169 23.
827 4118 843 4168 l.
869 4119 913 4168 22.
930 4125 951 4180 5.
970 4119 994 4170 8.
1005 4119 1046 4185 ffi
1062 4121 1141 4176 solue,
1193 4117 1287 4169 illustr.
1306 4134 1366 4185 cup.
1386 4119 1411 4170 t.
1431 4125 1454 4180 ς.
1472 4119 1514 4170 is.
1534 4131 1560 4173 el
1578 4140 1651 4195 seqq.
1670 4130 1721 4180 uisi
1741 4137 2014 4209 regesselpriueipes
2033 4175 2063 4226 ῃ

315 4211 399 4260 mer,
416 4201 504 4267 iiiqne
524 4203 650 4270 Gothosr.
670 4219 725 4271 urg.
746 4203 763 4252 i.
783 4197 872 4270 d³.ffi
885 4201 1144 4274 ‹ieoeriomipm'st
1191 4199 1316 4266 quaedem
1337 4202 1477 4253 insubria
1497 4214 1625 4258 tesseram
1645 4213 1772 4266 osoribus
1799 4218 1948 4271 illustribus
1968 4221 2000 4274 do

320 4283 440 4336 smum
458 4283 554 4338 comp
570 4285 627 4338 145·
641 4285 807 4338 ...ΜΗ
1192 4291 1268 4344 nent,
1285 4285 1355 4350 qnod
1375 4285 1467 4354 utique
1490 4285 1574 4341 locere
1600 4302 1730 4360 poterunt.
1757 4299 1849 4367 Myleu
1878 4302 1938 4355 dice.
1958 4305 2010 4356 lor.

268 4365 302 4413 1ti
358 4367 410 4418 Ant
432 4367 453 4418 ei
479 4382 545 4417 saror
563 4367 648 4420 rideat
666 4383 742 4435 grase
761 4368 883 4418 damnum
903 4365 1019 4418 familiae
1038 4365 1142 4437 ipsique
1192 4367 1274 4429 modo„
1296 4385 1346 4418 unu
1375 4371 1430 4419 siut
1450 4368 1516 4423 bona
1544 4375 1705 4442 immobilia,
1724 4397 1805 4449 reguo
1827 4383 2008 4455 incorporata,

323 4451 419 4504 marito
437 4451 579 4519 perieulum
600 4451 753 4516 imminere,
774 4469 821 4521 pro
839 4451 921 4502 onitate
940 4450 1042 4512 mariti,
1056 4461 1082 4501 et
1094 4451 1137 4506 do-
1188 4465 1253 4516 qnae
1267 4449 1301 4499 iis
1321 4467 1334 4499 a
1357 4465 1416 4518 rege
1433 4451 1526 4506 donata
1547 4455 1628 4510 iuere.
1650 4463 1701 4514 vid.
1721 4463 1852 4534 Cboppiu.
1867 4468 1945 4521 tude
1963 4467 2006 4522 tlu-

320 4551 378 4594 mus
395 4553 457 4594 suae
475 4534 666 4586 ooosernsndae
683 4551 757 4586 causa
776 4535 867 4604 utique
884 4533 947 4602 quid
960 4531 1064 4584 anlerre
1077 4534 1139 4586 lice·
1190 4551 1255 4586 mou
1278 4533 1416 4588 Francius
1426 4536 1443 4587 l.
1458 4537 1482 4588 ³.
1495 4539 1535 4590 tit.
1551 4543 1574 4592 i.
1586 4559 1610 4593 u.
1623 4543 1649 4596 d.

270 4645 302 4696 Π
322 4619 370 4673 bit.
388 4622 519 4689 Quorsum
537 4617 625 4672 refero
643 4621 790 4689 exemplum
813 4619 923 4684 dbipaii.
943 4620 968 4669 1.
987 4617 1097 4684 medii.
1114 4636 1138 4669 r.
1225 4617 1299 4687 Quod
1319 4622 1411 4672 attinet
1429 4623 1470 4688 jus
1489 4625 1642 4678 reteutiuuis
1667 4635 1693 4682 et
1719 4635 1906 4700 persecutionis
1926 4637 2001 4688 uxori

323 4705 366 4758 13·
381 4720 452 4772 „w
471 4721 536 4773 qu„
554 4721 612 4756 mm
631 4713 747 4773 pannum
767 4718 822 4754 ease
841 4699 1073 4756 malumadrersns
1086 4720 1139 4754 ma·
1188 4703 1271 4770 quoad
1287 4703 1353 4754 bma
1373 4704 1463 4756 meriti
1483 4721 1645 4777 competens,
1666 4729 1698 4764 ue
1717 4717 1835 4768 metbodi
1862 4720 1932 4788 leges
1952 4730 2004 4770 tor·

318 4786 402 4844 sitnm
422 4797 552 4854 totamque
570 4785 677 4838 domum
690 4787 815 4844 sentiret,
828 4785 913 4838 iusoio
926 4787 1060 4840 maritoet
1076 4802 1139 4838 eou-
1192 4790 1298 4850 bemus,
1322 4788 1408 4855 eapite
1426 4793 1545 4857 sequeuti
1570 4797 1754 4864 esponeudum
1774 4801 1839 4853 illud
1864 4805 1925 4856 erit.
1950 4805 2005 4854 flou

325 4871 465 4922 [mimum
489 4867 583 4920 ouidi
603 4883 630 4920 ae
645 4869 752 4920 niarium
772 4867 861 4929 dedit,
874 4867 1050 4936 ducentosque
1062 4884 1141 4936 penes
1192 4885 1252 4922 reru
1270 4871 1366 4940 rapite,
1379 4875 1510 4940 quomodo
1522 4893 1594 4930 usur
1612 4881 1653 4946 jus
1665 4880 1694 4934 iu
1713 4885 1789 4938 tuuis
1810 4889 1900 4941 mariti
1918 4887 2004 4959 anqui-

319 4960 348 5001 ιι
368 4951 433 5003 dnos
451 4959 523 5011 utres
541 4951 610 5012 riui,
638 4961 665 5004 et
686 4953 803 5020 quinque
826 4967 897 5004 saura
923 4967 1063 5018 grenornm
1088 4950 1142 5003 iras·
1193 4961 1246 5013 rat,
1264 4963 1292 5005 et
1309 4953 1343 5007 ob
1367 4973 1445 5022 quam
1466 4975 1576 5023 usuum,
1597 4966 1761 5020 traetaudoua
1779 4971 1836 5022 erit.
1848 4971 1885 5024 Et
1899 4989 2002 5044 genera·

324 5038 420 5098 manriq
440 5049 473 5088 ις
492 5035 573 5104 apicio
592 5034 652 5104 igne
671 5037 744 5092 tostis
763 5037 892 5098 coileetis,
911 5046 938 5089 et
955 5047 1063 5090 rentum
1077 5039 1156 5115 liga-3
1193 5038 1254 5088 liter
1273 5046 1420 5107 proeaoitto:
1434 5042 1569 5112 anquirere
1588 5061 1694 5101 osorem
1713 5050 1754 5117 jus
1774 5053 1802 5103 iu
1830 5053 1897 5106 bona
1917 5054 2001 5108 mariti

323 5127 393 5173 tutes
405 5136 466 5178 usae
486 5138 584 5191 passae,
596 5132 624 5174 et
635 5121 760 5174 donemus
778 5139 876 5176 massas
887 5125 1030 5178 oariearnau
1044 5127 1067 5178 ei
1081 5143 1143 5194 pue·
1193 5137 1226 5172 ²¹
1241 5127 1298 5191 iiiii
1313 5123 1377 5191 ¹285·
1390 5125 1572 5195 dispositione

322 5201 413 5272 risque
428 5205 514 5274 ipsius
531 5204 635 5265 attulit,
656 5204 704 5256 boe
716 5206 1140 5278 modoeaiiidesatisatquepru·
1229 5209 1277 5260 ³⁰⁵
1295 5225 1355 5262 ver⁰
1373 5209 1430 5277 ΙΨ
1447 5211 1601 5282 anquisitum
1626 5215 1720 5282 ⁰¹⁰¹'is
1743 5221 1870 5290 (propter
1890 5239 2001 5278 mmm·

272 5284 306 5340 1⁸
323 5283 417 5340 dem,
433 5287 547 5342 „imm
567 5305 640 5342 ,um
659 5299 683 5341 ῃ
701 5291 790 5342 ,mm
810 5291 926 5346 „imin
946 5293 1086 5348 Allienus
1100 5295 1143 5348 ubi
1196 5308 1254 5344 nem
1275 5293 1351 5346 illum
1369 5310 1445 5348 usum
1464 5311 1550 5349 rerum
1570 5299 1838 5374 martianumque
1853 5324 1905 5362 unu
1923 5309 2001 5362 uirilis

325 5369 399 5421 uxori
419 5373 576 5439 permissum
596 5374 664 5426 olem
691 5374 785 5430 marito
808 5376 946 5445 quiequam
973 5377 1143 5444 subtrahere,
1194 5375 1240 5427 sed
1261 5379 1348 5446 prima
1368 5377 1530 5433 matrimonii
1550 5381 1594 5434 lex
1613 5386 1736 5438 naturalia
1754 5388 1884 5462 induxit)
1904 5407 1997 5462 semper

274 5463 307 5514 tt)
325 5452 407 5506 sideri
427 5468 536 5527 possunt
546 5455 617 5528 apud
630 5457 775 5526 Faqundes.
790 5459 864 5514 niret.
876 5461 927 5515 loe.
939 5461 1037 5515 Omnia
1052 5462 1146 5517 bueus-
1194 5461 1409 5532 praeexistentem
1434 5463 1547 5534 eliquans
1572 5483 1675 5522 ιιιιιιιι
1702 5469 1795 5536 bibet,
1813 5475 1952 5530 oriundam
1970 5487 1998 5528 es

323 5555 374 5606 que
397 5543 468 5598 iiieta
484 5555 569 5598 autam
590 5540 720 5612 intelligo,
740 5544 817 5598 modo
842 5561 908 5598 osor
932 5545 1008 5615 prius
1031 5549 1146 5604 modeste
1195 5547 1365 5602 transistioue
1382 5547 1510 5604 boninum
1528 5551 1619 5606 uxoris
1638 5554 1666 5607 iu
1692 5557 1825 5612 maritum.
1839 5559 1956 5634 Adeoque
1970 5577 1996 5610 w
2013 5585 2042 5637 pq

325 5626 418 5681 marito
438 5627 618 5682 necessitatem
638 5637 662 5679 ιι
680 5625 853 5696 indigentiam
872 5630 911 5682 ret
935 5629 1078 5685 iauitiuis
1102 5634 1145 5686 oe·
1197 5632 1296 5684 iutuitu
1315 5650 1341 5685 ae
1360 5633 1447 5704 primo
1464 5635 1532 5690 sistit
1550 5637 1686 5709 requisitio
1703 5643 1771 5710 juria
1790 5645 1818 5699 io
1838 5645 1905 5704 bona
1929 5643 1998 5702 nin·

2023 4669 2054 4719 28
