4446 6220
272 263 350 318 ..073
776 257 823 310 DE
841 257 886 312 EO
907 261 1007 330 Qttott
1025 257 1084 312 tlt
1106 261 1186 318 trso
1203 264 1310 329 llillli,
1330 277 1392 318 ttttc.
1811 270 1864 322 874

215 355 338 425 ·qerislem
355 353 489 408 desineret
507 369 565 408 esse
581 351 693 411 dotalis.
710 355 738 404 et
755 352 795 417 ina
818 351 950 404 rttaaaoet
977 369 1047 404 eom·
1098 354 1167 418 leodi
1187 358 1274 424 itaque
1291 360 1408 428 periculo
1426 359 1470 410 isti
1484 356 1603 412 omnium
1617 374 1762 422 sommam,
1776 379 1842 432 quae
1855 363 1920 419 hac·

227 449 330 506 peteret
347 442 420 509 jure,
440 440 485 492 sed
505 437 639 508 prohibita
665 445 735 488 esset
757 435 891 488 alienatio.
918 434 1048 490 Cretlendi
1101 447 1174 490 tenus
1194 439 1282 506 allata,
1299 445 1424 510 colligere
1449 443 1578 503 institui,
1598 461 1650 496 non
1676 443 1825 498 dubitando
1849 466 1918 500 am.

167 584 169 590 Ι
215 520 306 588 ,igitur
318 530 346 574 et
357 522 496 574 mulierem
511 536 538 573 se
552 521 673 574 tutiorem
688 519 863 582 existimasse,
875 517 899 569 si
910 519 1050 587 aliquanda
1100 520 1164 572 dem·
1178 523 1267 576 auimo
1283 527 1436 580 observante
1448 526 1583 578 lectionem
1596 529 1766 596 paraphrasis
1780 531 1919 602 utriusque

224 599 334 658 innd'om
352 605 489 667 habitura,
507 621 585 674 qaam
598 613 724 655 retentam
738 602 883 671 pecuniam.
899 604 1050 674 Promptins
1083 673 1085 676 Ι
1099 608 1237 674 apparenti
1257 609 1441 664 contrarietate
1459 610 1494 662 iri
1514 610 1684 663 eradicatum.
1703 614 1813 682 Quando
1832 616 1919 686 itaque

215 691 296 754 ,enim
315 689 378 742 haec
401 688 576 758 expenditur,
594 687 693 740 certior
719 686 837 739 redditus
854 702 936 754 quaem·
952 701 1050 747 usuro,
1102 689 1161 740 tali's
1181 692 1301 760 impensa
1321 693 1350 746 in
1368 711 1463 763 corpus
1481 693 1566 746 dotale
1578 693 1662 766 (acta,
1682 707 1711 748 ut
1728 695 1848 752 diutione
1861 716 1919 754 cor-

224 772 384 844 peunnieque
396 773 488 826 sceleri
502 769 619 841 exposita
632 767 756 824 faciliori.
768 771 903 821 Caeterum
919 769 1048 838 illi,qnod
1101 771 1173 840 poris
1193 772 1271 826 istius
1285 773 1493 829 conservationi
1505 775 1633 842 sufficiat,
1647 779 1862 854 disniunlioipso
1875 785 1918 848 ju·

226 860 321 912 Paulus
337 858 430 912 statuit
446 857 556 910 fundum
575 855 697 908 desinere
713 868 770 906 esse
782 853 892 912 ‹lotsletn
909 851 986 906 iactis
998 852 1046 904 im-
1099 869 1129 905 re
1141 856 1282 926 'contingit
1301 849 1361 912 Non
1380 871 1464 912 tamen
1483 864 1605 930 corporae
1623 862 1681 930 ip„
1698 875 1740 916 ,η
1758 865 1918 930 ,nmmum

224 945 314 1014 pensis
332 952 358 996 et
374 942 484 996 alienari
503 957 596 1012 posse,
611 951 700 995 uotam
720 935 918 1004 arliungeodam·
931 952 989 990 esse
1000 935 1049 986 daa.
1098 938 1155 1004 jtm
1175 955 1287 1010 amq„
1304 939 1511 996 ,piamonem
1529 958 1562 996 u
1580 951 1799 1015 mmmm
1824 951 1919 1020 produ.

221 1023 375 1092 ,plicant-m
392 1021 529 1076 arbitror:-
541 1023 632 1088 prim
645 1020 669 1072 si
683 1036 736 1071 nou
749 1020 798 1070 alie
811 1033 920 1086 corpora
933 1017 1048 1069 civiliter
1098 1034 1157 1072 cere
1177 1021 1331 1087 uoluerunt,
1350 1041 1417 1091 qnae
1435 1023 1505 1076 inter
1523 1028 1643 1096 eorporis
1661 1041 1684 1082 et
1701 1031 1859 1098 quantitatis
1873 1031 1917 1086 de·

225 1107 325 1162 saltate
338 1107 426 1160 dotem
445 1106 518 1168 data,
538 1105 611 1158 Pauli
629 1103 846 1165 sententiarera,
861 1101 899 1153 uti
915 1103 988 1153 latins
1004 1117 1047 1153 so·
1099 1102 1182 1154 bitum
1204 1122 1255 1158 non
1275 1108 1404 1176 procedit.
1424 1111 1483 1179 Quo
1503 1110 1585 1179 igitur
1601 1115 1657 1181 jora
1672 1132 1768 1184 corpus
1780 1115 1807 1168 in
1827 1117 1918 1170 dotem

224 1187 549 1259 percunctationem
567 1187 631 1258 quid
650 1186 673 1240 si
691 1187 772 1240 multa
797 1201 905 1254 oorprtra
932 1184 1049 1239 eisillter
1097 1185 1187 1238 ditum
1199 1187 1353 1260 adaptarent
1364 1193 1809 1264 compensationi,etconseqnerui
1821 1199 1920 1253 exind,

221 1275 285 1346 ¹tulin
303 1272 361 1327 data
381 1272 479 1326 inerint
495 1272 524 1324 itt
543 1269 648 1336 domm,
667 1280 696 1323 et
718 1272 745 1322 in
771 1268 882 1320 inudnm
908 1270 1047 1336 quemdam
1097 1269 1472 1341 diminutioni,outoreejus
1495 1279 1918 1346 perpenso,subjecereeurndeua

225 1357 371 1428 paritario
389 1355 477 1409 dotem
500 1355 606 1420 datum,
640 1363 748 1406 tanturn
770 1352 936 1421 impensum,
955 1353 1046 1420 quanti
1099 1370 1146 1421 pro
1163 1358 1311 1421 quamam,
1330 1357 1918 1430 rmpmmmpmmionp·ommim,

226 1439 296 1492 idem
314 1437 401 1496 ratast
429 1437 592 1507 Quaeritur,
620 1455 652 1490 au
679 1439 780 1506 pariter
805 1435 900 1488 iurtdns
928 1435 1047 1504 impensa
1096 1436 1167 1506 quod
1186 1437 1206 1490 i.
1223 1439 1302 1490 sanic.¹
1314 1444 1336 1500 ς.
1356 1439 1380 1490 b.
1399 1455 1422 1492 o.
1440 1439 1474 1492 de
1491 1440 1533 1492 rei
1549 1458 1633 1494 uxor.
1646 1443 1746 1496 oetion.
1758 1442 1858 1500 dicator
1869 1450 1919 1500 im·

224 1534 411 1586 conservatus..
424 1538 471 1593 pro
487 1522 636 1590 quantitate
661 1521 792 1590 impendii
818 1520 928 1572 alienari
949 1530 1048 1586 posset,
1098 1521 1191 1590 pensis
1211 1523 1368 1574 necessariis
1387 1521 1459 1574 dotis
1477 1523 1593 1576 diminui
1618 1526 1805 1596 quantitatem.
1830 1529 1921 1601 anue

225 1609 255 1660 si·¹
268 1609 317 1661 lex·
328 1607 511 1659 alienationem
529 1605 562 1660 d..
573 1606 592 1657 l.
612 1606 654 1658 to.
674 1613 694 1668 t.
716 1607 740 1656 3.
762 1623 813 1656 non
833 1603 1002 1664 inhibuisset,
1021 1613 1053 1656 et'
1098 1604 1166 1658 dotia
1185 1605 1315 1674 quantitas
1336 1597 1457 1660 hoccaso
1471 1605 1734 1672 immtoattootr,eat
1747 1628 1918 1682 epitomum

227 1705 260 1740 an
279 1706 330 1743 nott
350 1691 438 1740 mittne
454 1686 517 1738 alias
536 1703 578 1740 ret
596 1686 624 1738 itt
643 1686 731 1742 utero
748 1685 822 1738 dales
841 1693 970 1754 competat
982 1686 1046 1737 alia.
1098 1686 1215 1740 ,κώμῃ
1234 1687 1322 1742 ,χθων
1333 1687 1438 1740 Μωι,
1458 1688 1546 1756 mque
1564 1688 1590 1742 d.
1607 1688 1626 1739 ι.
1645 1689 1670 1741 3·
1686 1707 1736 1758 pn·
1746 1693 1778 1746 d.
1803 1695 1919 1764 imme.

228 1771 309 1825 moti
325 1774 383 1840 jos,
399 1789 429 1824 eo
447 1771 493 1824 illa
512 1771 539 1823 iu
557 1787 636 1841 quam
649 1788 683 1824 ex
696 1767 925 1839 necessitatoqnid
939 1770 1047 1838 impert.
1097 1769 1152 1822 det.
1166 1778 1193 1824 et
1204 1771 1221 1824 1.
1235 1770 1278 1822 lid.
1292 1767 1316 1840 5
1327 1772 1361 1823 t..
1360 1768 1402 1838 ffi
1420 1770 1529 1842 dejure
1542 1769 1596 1822 dot.
1609 1771 1697 1825 alutem
1713 1773 1799 1826 minui
1811 1776 1919 1847 impen-

228 1851 305 1908 snrn't'
330 1854 467 1924 diosponti.
494 1855 624 1925 Quoniam
649 1871 704 1908 uon
726 1855 829 1924 singula
858 1869 979 1922 corpora,
1003 1852 1050 1906 setl
1100 1855 1146 1906 sia.
1165 1869 1202 1906 se·
1220 1871 1274 1907 non
1292 1854 1467 1924 corpur„sed
1485 1853 1869 1926 rjasoatormeuquamum,
1886 1867 1921 1914 A,

228 1936 392 1992 reniret-rior
407 1939 568 1994 diminuitur
585 1938 713 2008 impensis
731 1935 901 1996 necessariis,
920 1935 955 1988 nti
977 1936 1050 1988 olera
1098 1937 1222 2010 quoniam
1233 1940 1336 2008 vulgari
1351 1955 1398 1991 neu
1410 1939 1525 1992 vocabuli
1543 1937 1805 2010 dotir,ejnsqu0qu0
1816 1962 1916 2018 corp„

227 2021 326 2074 dicitnr
343 2022 361 2075 i·
381 2023 447 2089 i.-§,
465 2019 1048 2092 muratapraelig.eadlmiouriouetameo
1099 2025 1358 2094 intelligitur,rccle
1371 2024 1546 2078 Mnestertiue
1559 2024 1837 2093 proseminarunt,
1856 2035 1919 2084 snb.
1996 2037 1997 2042 ’
2087 2047 2090 2054 ’

229 2107 411 2160 uttirersitatis
443 2111 485 2175 ius
512 2109 614 2170 oritur,
647 2121 758 2174 corpora
780 2105 875 2158 dotalia
898 2104 974 2167 data,
1001 2118 1050 2172 pro
1099 2111 1188 2166 stituit
1207 2108 1363 2170 detulitotir,
1379 2108 1500 2177 dixitque
1513 2107 1661 2160 dotalitatia
1672 2111 1848 2176 quantitatem
1862 2118 1917 2168 ant.

227 2193 373 2258 quantitate
391 2191 526 2261 impensae
549 2188 702 2250 alienandie
729 2181 861 2258 seqniinr,
885 2205 947 2242 oum
973 2187 1050 2241 nulio
1101 2193 1147 2246 nui
1164 2192 1302 2263 impensis.
1317 2192 1380 2244 Dixi
1400 2208 1447 2261 pro
1464 2191 1611 2261 puerilitate
1630 2193 1918 2259 imoenroefflamnoa,

230 2273 299 2326 '⁰¹3⁰
317 2274 404 2336 “diiii
423 2291 472 2328 Μ
486 2276 579 2342 pvit'ttt
598 2275 650 2328 511⁸
666 2269 889 2334 10305οΜῆᾶῠί
915 2270 947 2324 itt
968 2290 1051 2340 tuam
1102 2287 1202 2330 lantum
1219 2274 1393 2329 diminutione
1413 2275 1464 2328 ista
1483 2274 1580 2327 inndus
1599 2277 1627 2326 in
1644 2286 1729 2331 toturn
1747 2277 1844 2332 desinit
1863 2298 1921 2338 rere

231 2355 344 2410 transitur
355 2358 487 2424 a'mpensor
493 2354 581 2424 ficit,
594 2373 677 2429 quom
688 2355 762 2416 olio,
773 2367 825 2406 non
838 2357 926 2407 minos
940 2352 1050 2408 iuntlurn
1101 2360 1214 2422 dotalis,
1233 2359 1276 2412 sed
1296 2368 1320 2411 et
1332 2369 1466 2428 properie
1479 2357 1497 2409 i.
1510 2358 1535 2412 t.
1545 2374 1584 2426 pr.
1591 2358 1623 2410 de
1635 2364 1744 2430 impenr·
1763 2361 1816 2414 dot.
1829 2364 1921 2422 Obstaa

229 2440 341 2492 alienari
361 2457 453 2510 posse,
470 2457 502 2494 ao
518 2442 543 2494 si
561 2456 613 2494 oon
626 2440 690 2492 alias
701 2455 742 2492 res
754 2437 810 2490 data
822 2435 960 2502 indolem,
972 2454 1051 2506 qnam
1099 2445 1205 2512 quidem
1218 2445 1236 2496 l.
1249 2443 1328 2507 lid.-§.
1343 2459 1385 2510 pr.
1402 2439 1479 2506 ffide
1489 2442 1555 2512 jure
1567 2443 1621 2494 dor.
1636 2445 1680 2496 nbi
1694 2454 1817 2512 negatur,
1838 2446 1920 2504 iaeria

230 2524 275 2576 illu
296 2541 363 2592 qnae
381 2526 500 2595 impensa
515 2531 675 2578 eoaaerrna·
699 2523 731 2576 Et
756 2523 835 2576 aliam
858 2538 916 2575 rent
939 2521 1051 2572 tlicurri
1103 2527 1231 2597 impensis
1248 2526 1334 2593 aliqua
1354 2539 1393 2576 rx·
1405 2534 1477 2592 parte
1496 2523 1607 2575 tandum
1627 2523 1750 2578 desinere
1768 2543 1824 2580 esse
1843 2527 1918 2583 dota·

231 2624 307 2676 posse
317 2644 333 2671 ,.
344 2608 406 2660 licet
424 2609 453 2660 in
471 2608 549 2661 allam
568 2607 703 2676 impensae
722 2605 885 2658 necessariae
897 2603 982 2658 hirtae
997 2605 1050 2656 lta·
1099 2612 1161 2672 letus
1175 2608 1220 2662 sed
1235 2607 1340 2662 reatus
1353 2607 1391 2659 ibi
1405 2605 1581 2676 metonymice
1593 2605 1723 2674 loquitur,
1735 2607 1861 2676 effectum
1874 2634 1920 2668 ne·

229 2709 280 2758 qne
297 2691 320 2744 si
338 2709 401 2762 agro
418 2702 444 2746 el
460 2689 561 2744 fodinis
578 2691 625 2745 doa
642 2691 767 2745 nausistat
784 2687 997 2751 nniversa,etin
1012 2687 1049 2740 io·
1098 2693 1224 2764 garinum
1250 2689 1443 2762 exprimendo,
1467 2706 1512 2759 per
1537 2707 1638 2742 caumas
1664 2695 1818 2760 augutiano.
1845 2697 1920 2752 Licet

232 2778 309 2830 dinas
325 2777 432 2832 ducenti
443 2777 593 2848 imperiales
607 2779 739 2846 impensi,
752 2793 806 2828 oon
822 2775 910 2828 minos
922 2787 969 2842 pro
982 2782 1053 2840 parte
1102 2791 1213 2843 namque
1231 2772 1363 2826 diminuis
1380 2772 1513 2828 dotalitatc
1532 2781 1630 2824 tanturn
1650 2772 1732 2827 lorrna
1749 2775 1815 2844 juris
1828 2795 1921 2836 conse-

168 2912 170 2920 ,
231 2869 275 2913 ent
288 2869 371 2914 tatum
385 2873 458 2930 prout
470 2879 530 2930 ager
542 2863 636 2926 caleat,
657 2859 726 2914 idern
745 2869 831 2929 posset
849 2856 1051 2922 (sialienatioa
1102 2870 1196 2929 quatur
1214 2859 1339 2919 maritus,
1356 2875 1387 2906 ao
1404 2857 1426 2907 si
1441 2857 1568 2925 corporali
1582 2853 1652 2908 dotis
1665 2855 1848 2914 diminutione
1860 2862 1921 2916 tito·

230 2945 288 3014 luge
305 2964 357 3000 ttott
375 2946 489 2998 inhibita
506 2945 614 3009 inisset)
631 2945 755 3006 alienari,
774 2943 809 2994 oh
823 2943 958 3010 impensas
971 2939 997 2991 in
1011 2937 1051 2991 io·
1103 2946 1172 2997 dum
1185 2953 1330 3002 assecutuss
1349 2938 1457 2992 effectus
1477 2951 1562 2992 tameo
1572 2973 1588 3004 ,·
1598 2941 1640 3006 jus
1656 2939 1806 3005 alienandi,
1818 2945 1923 3014 legibua

233 3031 308 3082 dinae
334 3029 411 3084 iactas
433 3045 463 3080 ao
480 3027 586 3081 iodim
603 3027 684 3096 ipsae·
702 3027 735 3081 Et
752 3027 807 3078 sice
826 3041 909 3086 uersa.
927 3022 1052 3076 Alterum
1104 3036 1145 3078 ese
1162 3021 1343 3076 interdictum.
1360 3020 1504 3074 Ordioario
1521 3030 1608 3072 autem
1621 3022 1679 3086 inre
1692 3022 1806 3076 alienare
1819 3036 1925 3094 poterae

232 3111 299 3182 quod
319 3113 460 3168 notandum
480 3112 560 3176 ditat,
579 3113 628 3165 ltoc
648 3121 701 3164 ast:
718 3111 845 3181 qnoniam
869 3123 978 3176 corpora
1004 3107 1053 3158 irn-
1105 3106 1318 3160 ob·diminutasn
1338 3103 1562 3158 dominatores-Ex
1577 3103 1926 3174 hisapparet,dinerrore-

234 3198 380 3252 minutione
397 3196 582 3250 dottatoratta
593 3195 714 3250 alosionut
728 3209 774 3262 pro
788 3202 864 3263 parte
878 3191 991 3244 indivisa
1006 3188 1056 3259 (ad
1107 3199 1198 3260 spectu
1214 3188 1267 3242 diei
1288 3205 1378 3258 posse,
1396 3185 1507 3240 iuudntu
1526 3184 1644 3240 desinere
1662 3205 1720 3242 osse
1739 3191 1867 3259 dotalem,
1889 3208 1927 3250 ra.

234 3282 306 3346 cujus
324 3280 506 3351 probationem
525 3279 644 3348 saperius
656 3295 718 3330 usus
731 3294 787 3330 snm
801 3276 846 3328 ta't.
862 3275 888 3327 i.
904 3275 937 3328 de
951 3273 1056 3342 impera·
1107 3276 1212 3344 lemque
1225 3288 1404 3342 perseverares
1424 3271 1529 3324 Primus
1548 3269 1628 3340 igitur
1642 3269 1750 3326 effectus
1768 3273 1926 3332 imminutae

234 3363 272 3414 sir
288 3364 373 3416 dotet.
392 3363 437 3416 aed
455 3362 525 3416 idem
543 3361 643 3418 oertiar
660 3361 800 3429 probatur,
819 3358 983 3431 quoti,.onm
1004 3375 1056 3410 uon
1108 3360 1256 3414 dotalitatis
1272 3358 1364 3413 extitit
1381 3361 1423 3425 jus
1440 3354 1587 3420 alienandis
1605 3357 1650 3408 aed
1667 3360 1791 3425 qnoniam
1804 3379 1856 3416 non
1868 3368 1924 3418 siu·

235 3462 343 3518 mrpora
357 3446 540 3500 diminuantur
559 3441 845 3514 impensis-dotalibus,
864 3441 918 3494 aed'
930 3441 1057 3494 uniuersi·
1106 3447 1165 3512 gula
1184 3459 1295 3513 corpora
1312 3443 1518 3502 diminuuntur,
1536 3439 1581 3492 sed
1600 3439 1758 3496 universitas
1775 3445 1843 3498 dotia
1859 3447 1878 3498 1,
1899 3452 1923 3500 1,

239 3541 277 3584 tas
303 3531 374 3584 dotis
402 3541 430 3583 et
452 3529 528 3598 hujus
555 3539 641 3582 tamen
663 3527 840 3580 diminutione
872 3523 988 3595 corporis
1013 3523 1055 3574 di·
1106 3530 1129 3594 §.
1148 3527 1174 3582 l.
1191 3524 1225 3579 aie
1242 3524 1439 3596 doteproeiep.
1456 3540 1489 3578 ex
1507 3520 1695 3578 imminutione
1714 3533 1800 3578 umen
1818 3531 1923 3584 unirer.

238 3611 369 3678 minutio,
396 3612 480 3681 quoad
512 3609 633 3664 effectum
666 3609 834 3662 alienationis
865 3607 984 3674 ortatur,
1010 3625 1057 3676 pro
1106 3611 1296 3665 situlis-oritur
1313 3611 1499 3680 ins,corpora
1513 3624 1563 3677 pro
1575 3609 1722 3674 quantitate
1733 3608 1921 3668 diminutionis

237 3713 310 3770 parte
323 3699 438 3752 iorlirisa
462 3697 499 3750 eil
518 3695 747 3764 diminutus-lsi
770 3693 819 3746 boe
839 3691 973 3758 uescitur,
996 3707 1056 3746 con·
1105 3693 1254 3758 alienandi,
1273 3691 1458 3746 conclusione
1478 3693 1566 3745 minus
1583 3709 1673 3758 agrum
1694 3691 1820 3744 indolem
1833 3693 1921 3750 datura

237 3783 323 3834 cludit
335 3777 464 3852 Euberd·
477 3781 552 3851 conj.
567 3779 592 3830 2.
611 3777 730 3830 incisim
748 3776 884 3828 mulierem
904 3776 1058 3828 incolumit-
1107 3779 1218 3832 alienari
1237 3777 1368 3848 poluisse,
1387 3775 1409 3828 si
1431 3791 1481 3826 non
1500 3775 1712 3838 inhibitnto,.ac
1725 3772 1842 3838 sorditiae,
1856 3779 1878 3830 si
1894 3779 1923 3832 in

240 3869 345 3916 trionem
361 3873 436 3932 parte
447 3879 495 3932 pro
506 3862 628 3914 indivisa·
639 3859 779 3913 diminute·
790 3869 816 3912 et
834 3860 954 3912 alienata.
973 3859 1056 3912 Nemo
1106 3862 1154 3913 hes
1171 3864 1291 3930 impensa
1310 3859 1388 3912 iactat
1405 3856 1481 3926 Quod
1502 3867 1596 3909 umen·
1607 3855 1695 3910 iarore
1720 3859 1853 3926 marlieris,
1872 3879 1923 3932 qao

239 3957 325 3999 antem
345 3945 443 3998 inritus
459 3944 632 4012 obstringitur
649 3940 682 3995 ad
698 3944 925 4005 commonionem,
944 3941 994 4010 ὣς.
1012 3942 1055 3994 bd.
1106 3943 1162 3994 scil.
1181 3943 1238 4012 ipsa
1256 3942 1345 3995 dotem
1364 3938 1671 4008 certiorem-pecuniaria
1690 3941 1832 4004 retineret,
1850 3945 1922 3997 inhi-

239 4028 345 4097 5.l.ff.
358 4027 479 4082 denunti.
492 4027 580 4080 indat.
593 4025 663 4096 Eapo
674 4035 700 4079 el
712 4027 803 4080 tertios
815 4065 822 4092 ,
837 4023 935 4093 siquid
954 4022 1054 4089 iecerit,
1106 4025 1201 4079 bitum.
1221 4022 1287 4076 lnde
1297 4023 1344 4092 jus
1361 4021 1498 4076 retinendi
1513 4022 1556 4076 sed
1575 4039 1608 4076 ex
1625 4025 1683 4092 jure
1695 4023 1808 4078 dominii
1822 4027 1921 4098 lineus,

238 4131 290 4180 quo
313 4115 379 4165 alter
404 4112 532 4164 incideret
551 4110 580 4161 iu
599 4111 830 4172 commonionem,
848 4117 935 4162 acturo
953 4106 1055 4177 peregit
1107 4110 1136 4162 iu
1154 4126 1205 4178 qno
1224 4125 1238 4158 e
1257 4109 1365 4176 rulpora'
1381 4108 1521 4177 discrepat.
1539 4107 1616 4159 Unde
1633 4107 1655 4173 §.
1674 4107 1717 4159 37.
1728 4108 1755 4178 j,-
1773 4105 1921 4168 deoetim

241 4195 339 4246 cullius
352 4189 491 4245 efficaciae.
505 4192 638 4262 Quicquid
650 4195 723 4246 euim
738 4204 826 4244 eontra
845 4194 931 4261 teges,
950 4195 1053 4246 nullom
1104 4194 1186 4264 puori
1201 4191 1230 4242 iu
1249 4191 1397 4244 detentione
1411 4189 1563 4257 perhibetur
1574 4205 1632 4243 esse
1644 4191 1770 4254 maritos,
1782 4193 1803 4246 si
1817 4196 1922 4266 impen-

238 4291 285 4332 est.
300 4279 381 4348 Atqui
393 4275 559 4328 muliercuro
572 4276 676 4328 stertio
688 4273 939 4344 repetitiuudumva
959 4277 1055 4330 marito
1104 4277 1142 4329 sis
1159 4275 1206 4328 dos
1225 4273 1363 4326 diminuta.
1380 4273 1423 4325 Ex
1440 4274 1487 4324 hac
1504 4275 1714 4328 rationeesserui
1727 4276 1752 4329 ri·
1772 4276 1792 4327 i.
1808 4279 1880 4332 unio.
1894 4288 1915 4342 ς.

236 4365 391 4426 aberratum,
405 4371 431 4414 et
445 4370 532 4428 rurale
546 4359 642 4412 marito
653 4356 811 4412 reiunderuli
825 4359 1054 4427 conprendent-
1104 4357 1130 4408 t.
1148 4375 1169 4409 c.
1190 4354 1223 4409 de
1241 4353 1284 4407 rei
1300 4371 1378 4410 neor.
1398 4355 1498 4408 oetion.
1512 4355 1702 4418 retentionem,
1717 4375 1782 4427 quae
1792 4361 1923 4428 competit

233 4455 278 4498 ,rat
304 4461 333 4498 se
354 4446 383 4497 iu
407 4441 594 4496 communione
617 4440 731 4494 detineri
751 4441 920 4510 mttettrgo
937 4443 1054 4494 renditiu
1104 4439 1198 4492 marito
1215 4437 1249 4491 ob
1269 4437 1400 4508 impensas
1419 4436 1591 4501 necessarias,
1610 4447 1636 4490 et
1649 4439 1812 4506 prohibitam
1826 4442 1918 4496 aliena-

238 4529 323 4599 partis
341 4529 487 4588 indivisae,
500 4525 593 4580 effectu
607 4543 698 4580 carere
707 4525 987 4594 incipit,.retracta-ae.
1001 4527 1050 4578 dis
1105 4521 1205 4575 tionem
1225 4536 1278 4572 oon
1296 4535 1353 4572 esse
1371 4517 1496 4571 sublatam
1504 4555 1514 4583 ‚
1533 4519 1594 4586 qnia
1613 4521 1819 4578 concludendum
1840 4527 1924 4578 maai.

239 4618 360 4670 musione
379 4613 501 4667 mulieris
515 4614 547 4666 ad
560 4624 660 4681 tempus
674 4611 735 4664 initi
749 4625 789 4666 aut
805 4610 976 4664 inenudizsuls
989 4626 1048 4662 cou-
1105 4621 1176 4657 mum
1197 4603 1272 4656 illam
1292 4599 1415 4656 eliectoet
1432 4601 1563 4666 dominii,
1577 4603 1679 4654 scilicet
1691 4603 1871 4660 retentionem
1883 4609 1924 4662 rei
1932 4625 1933 4630 ¹

239 4699 341 4757 ditione
358 4705 516 4752 contractus.
528 4695 586 4750 Tali
597 4695 737 4748 ratiocinio
748 4694 838 4748 ttatra·
846 4693 998 4764 opinionem
1010 4693 1053 4748 da·
1102 4707 1169 4744 enee
1186 4688 1313 4742 sublatum
1331 4683 1412 4738 inisse
1430 4685 1456 4736 d.
1474 4691 1496 4747 §-
1514 4685 1539 4736 5·
1558 4683 1581 4736 ti
1600 4686 1693 4750 rerba,
1720 4691 1791 4742 notio
1810 4707 1852 4742 ess·
1872 4693 1921 4746 sti·

239 4784 346 4836 ductam
365 4779 450 4834 inisse
465 4780 532 4832 mihi
551 4778 660 4832 sirletur.¹
680 4778 711 4832 Si
730 4778 812 4848 igitur
827 4777 877 4833 alia
896 4792 938 4830 ex·
953 4777 1055 4832 ratione
1102 4774 1197 4840 uatem
1214 4771 1358 4828 secundum
1375 4771 1564 4824 ruivnoturom
1582 4787 1638 4824 non
1654 4773 1777 4838 polium
1792 4777 1920 4831 utentio-

239 4866 363 4920 atienatlo
377 4881 424 4935 pro
435 4874 509 4933 parte
524 4861 636 4916 indivisa
651 4861 879 4932 maritoadempts,
892 4877 940 4914 nec
953 4859 985 4911 ad
997 4875 1056 4930 par·
1104 4871 1166 4910 nem
1175 4889 1182 4918 ‚
1191 4854 1227 4908 tle
1238 4871 1402 4924 quecumque
1416 4855 1562 4906 retentione
1571 4863 1661 4906 essent
1671 4857 1832 4925 recipiendo.¹
1847 4859 1919 4928 Quid

241 4949 276 5001 tia
293 4947 479 5000 alienationem
500 4944 586 4999 Pauli
601 4943 912 5014 prohibitiopeniuehit.
926 4944 955 4998 Si
969 4955 1054 4999 tamea
1103 4939 1127 4992 ai
1146 4938 1226 4993 euim
1238 4936 1502 5004 traducta-eruptione
1520 4936 1714 4998 streuditione
1727 4939 1754 4990 lu
1769 4941 1917 5008 stipulatio·

240 5032 299 5084 talia
316 5033 352 5085 sit
370 5028 483 5093 funden,
504 5027 551 5096 qui
568 5026 906 5080 diuisionem-commodant
932 5027 1052 5098 recipit,
1104 5037 1185 5088 nem,
1200 5029 1310 5088 emptor·
1322 5019 1408 5086 pretio
1426 5033 1478 5068 uon
1497 5018 1585 5070 oblato
1604 5035 1659 5072 rem
1678 5018 1922 5092 reuditamexigata

241 5114 305 5169 licet
321 5123 466 5182 emptorem
485 5109 602 5165 ricinum
615 5126 682 5163 uxor
695 5120 815 5176 nactura,
826 5113 887 5182 quia
898 5113 929 5166 iu
940 5131 1054 5170 mm.
1103 5107 1127 5157 al
1144 5103 1260 5156 retentio
1276 5101 1364 5154 oannis
1382 5101 1494 5152 actionis
1513 5117 1554 5152 ex·
1564 5102 1843 5174 stipuletapririlegio
1859 5109 1884 5158 d.
1896 5117 1918 5170 ς.

243 5197 350 5250 trionem
362 5213 415 5249 noo
429 5193 671 5258 incidit,elieuare
683 5195 779 5248 marito
790 5195 894 5262 liceret,
908 5199 961 5252 nisi
974 5201 1054 5256 Jerua
1104 5185 1129 5238 5·
1147 5185 1258 5249 ⁸⁰b¹¹i⁸r
1276 5181 1398 5236 '‘nibil“
1413 5182 1531 5235 “mim
1549 5185 1660 5253 'mim
1677 5203 1729 5238 ⁰⁰¹¹
1752 5189 1859 5256 ΡΟΜῙΙ·
1878 5191 1929 5243 Μ’

244 5279 270 5330 id
291 5279 462 5333 inhibuisset.
480 5279 538 5330 llac
555 5273 713 5332 diibeultate
730 5279 851 5332 coaatitit
862 5279 933 5334 dotis
944 5283 1053 5353 ipsojaa.
1105 5267 1279 5324 retentionem
1296 5264 1468 5337 igilurillem
1486 5267 1514 5318 d·
1531 5267 1598 5333 §dh
1617 5271 1760 5336 restrinxi,
1774 5285 1840 5341 qnae
1851 5275 1915 5326 olirn

243 5377 269 5412 re
282 5359 427 5414 diminutae
438 5361 586 5430 explicatio.
598 5359 679 5413 Enim
690 5376 752 5414 reru
764 5359 902 5416 multitudo
914 5364 1052 5424 rationum
1103 5363 1163 5408 ⁸⁸2⁸
1172 5353 1207 5406 “ir
1223 5353 1241 5403 ¹·
1260 5349 1333 5405 ”⁸3⁸-
1350 5343 1486 5402 d’fissifflli
1507 5349 1610 5403 *istm
1619 5353 1783 5420 tumlti!
1793 5353 1830 5406 ob
1840 5355 1920 5408 utilit

242 5442 381 5498 dubitandi
401 5454 427 5498 et
444 5443 601 5509 decidendi,
617 5445 1000 5514 parentiores-parenthesibus
1014 5449 1055 5502 in·
1104 5442 1259 5508 intimus
1277 5433 1315 5487 ὼ
1326 5450 1377 5501 ‘lu'
1397 5433 1416 5484 ¹·
1433 5432 1459 5484 ⁸·
1480 5431 1513 5486 ‘i'
1537 5433 1647 5500 imm·
1671 5432 1757 5490 ‘imi-
1784 5447 1918 5492 lmitlttt·

242 5539 379 5600 terruptae
391 5549 421 5583 ac
439 5531 584 5584 cumulatae
601 5538 701 5582 metum
719 5546 771 5581 non
785 5529 870 5581 miuus
882 5529 1055 5591 motationis,
1105 5518 1224 5576 Cossssiffli
1244 5529 1375 5588 {militet
1385 5535 1416 5568 ⁶¹
1429 5535 1471 5575 e⁰·
1485 5517 1552 5584 (11)οῑΙ
1565 5517 1708 5575 iimiflfliio
1719 5521 1863 5578 ‘iohliltlit
1877 5543 1918 5594 pt·

243 5635 324 5688 qnam
341 5611 600 5688 spotuoaouimodao
616 5611 812 5667 dilucidationis
830 5613 1051 5683 perimmensa
1090 5608 1155 5678 ,rtat
1173 5603 1586 5669 attollentum-attenuati,
1605 5619 1627 5660 et
1646 5607 1689 5660 sic·
1703 5607 1851 5663 dominium
1873 5629 1918 5664 ue-
