4454 6214
216 291 271 348 rm
702 289 750 348 nn
769 289 815 350 eo
834 292 934 368 oron
953 295 1012 352 nr
1031 297 1112 358 nso
1128 301 1220 360 sonu
1233 309 1295 353 m
1758 289 1812 344 τω

161 386 240 442 solut.
260 404 275 440 e
292 383 422 440 contrerio
441 399 536 449 senen¹
554 385 611 442 Hir
634 389 787 457 quescitur,
804 391 827 444 si
845 393 908 463 quis
926 393 999 448 tett.
1041 415 1121 470 qm
1138 398 1207 470 qiud
1226 394 1345 448 tentem
1356 381 1492 460 elesqeod
1502 383 1644 450 intereret,
1655 381 1720 440 eden
1737 384 1864 442 subletum

164 479 257 526 torem
274 484 347 520 snum
366 469 477 536 jusserit
504 469 578 525 Titio
603 473 723 540 soli-ere,
757 474 853 530 deinde
884 479 988 534 Titium
1041 463 1865 552 eeeeptiouepottteemllossffltlilltthlwbitsslte'efilltbi

167 551 283 606 uetuerit
298 551 427 622 ercipere,
445 552 548 608 debitor
569 562 656 609 temen
676 556 808 626 ignorans
819 560 987 618 interdictam
1042 567 1155 620 solutum
1168 561 1234 616 illud
1253 558 1322 630 qnod
1342 555 1502 620 debebitur,
1515 554 1555 606 nti
1574 562 1684 622 epperet
1701 567 1735 606 ex
1752 554 1770 606 i.
1785 553 1827 607 tt.
1840 565 1868 609 et

162 637 241 693 Titio
260 638 454 707 receptionem,
473 638 525 708 ipsi
545 640 633 695 solrit.
653 639 693 694 dn
714 643 773 712 ipso
790 645 849 712 jore
862 644 989 704 liberetur
1040 667 1110 722 seqq.
1121 651 1141 702 l.
1152 645 1242 718 Μ
1252 662 1301 710 pm
1314 639 1459 696 socio.libi
1474 655 1535 693 sero
1548 637 1659 690 solutum
1672 635 1741 706 qnod
1752 635 1864 690 debebu-

164 715 223 770 ⁸ili
241 719 287 770 dil
306 719 364 784 ¹²¹2
388 720 457 790 ‘1¹⁸⁰‘¹
484 738 553 784 ⁰⁰⁰,
583 722 611 782 si¹
641 723 730 776 Titios
760 725 851 778 enimn
882 725 988 782 furendi
1048 741 1100 798 tor,
1115 731 1215 786 sublete
1233 727 1311 782 sotio.
1323 727 1396 779 ldem
1410 722 1456 776 bic
1468 721 1521 776 erit
1534 719 1562 774 in
1574 719 1678 774 untione
1690 722 1791 773 rendili
1812 721 1862 775 toi·

164 819 288 860 nominos
306 805 453 874 receperit.
473 804 519 859 sed
538 823 587 876 per
603 807 797 879 exceptionem,
817 812 943 881 aneciuc
959 814 988 868 in
1041 819 1119 870 tend.
1136 811 1261 870 tendente
1278 811 1406 864 nimirum
1427 803 1531 861 venditi
1550 805 1588 860 nd
1603 805 1740 858 interesse.
1755 805 1807 858 Sed
1821 805 1863 858 di·

165 883 308 954 Asriceno
326 889 591 946 centurionem
611 903 702 963 putet,
720 895 783 964 quie
801 912 860 950 enm
886 902 988 956 nullent
1045 919 1148 956 versum
1166 901 1209 970 lus
1228 897 1273 950 nbi
1293 895 1369 967 prins
1387 903 1473 946 sctum
1486 890 1590 944 notione
1601 890 1633 943 ed
1647 889 1781 943 interesse.
1794 889 1862 944 Nem

166 967 315 1022 dominium
336 973 504 1027 transtulerit
522 974 550 1026 in
571 972 701 1030 inurentem
720 977 847 1044 Titium,
865 983 936 1053 qnod
954 995 989 1040 te·
1039 986 1107 1040 sotio
1123 1001 1156 1038 ex
1174 982 1298 1053 stipuletn
1315 978 1347 1030 ed
1366 991 1476 1047 poenem
1497 975 1558 1028 telis
1576 985 1680 1028 neturee
1692 985 1746 1039 est,
1764 975 1859 1028 ntiio·

167 1070 227 1106 men
242 1053 382 1109 solutionis
392 1057 579 1124 substentiele,
594 1061 755 1114 intutiorem
776 1065 874 1120 nedem
896 1065 988 1125 leuem
1042 1069 1136 1125 securi
1154 1067 1254 1140 possit,
1273 1065 1333 1119 lioet
1349 1061 1452 1133 egentis
1472 1076 1525 1115 non
1544 1057 1650 1112 intersit
1667 1059 1685 1114 l.
1705 1061 1748 1112 38.
1775 1067 1798 1124 ς.
1818 1063 1861 1115 tr.

167 1137 259 1216 lesberi
271 1161 279 1204 ς
293 1141 449 1197 solutionem
464 1159 524 1198 rero
537 1145 758 1214 necessarium,'si
773 1149 831 1220 ipso
843 1153 901 1220 jure
916 1153 986 1208 obli.
1040 1151 1068 1205 in
1077 1150 1138 1222 fin.
1145 1148 1188 1220 ff.
1205 1149 1232 1202 d.
1250 1165 1274 1202 r·
1292 1167 1320 1202 o.
1332 1145 1404 1215 Ergo
1413 1143 1509 1197 solutio
1521 1143 1578 1210 ejus
1589 1141 1659 1212 qnod
1675 1143 1794 1209 interest,
1806 1162 1860 1198 non

166 1224 239 1292 getio
254 1225 377 1278 tollendi.
391 1227 463 1296 Quen
477 1227 545 1281 retio
558 1229 673 1298 ejusdem
688 1247 781 1286 sensns
802 1245 859 1302 ert,
874 1257 906 1291 ec
921 1240 989 1294 retio
1040 1245 1130 1308 potest
1147 1233 1200 1286 dici
1217 1249 1275 1288 esse
1292 1229 1389 1284 solutio
1405 1230 1477 1297 ejus,
1494 1226 1564 1297 quod
1583 1241 1680 1296 poenm
1694 1227 1801 1280 nomine
1816 1229 1861 1284 de-

166 1307 243 1378 legis,
255 1325 322 1380 quie
334 1309 402 1364 dicit
413 1311 473 1380 ipso
485 1313 544 1380 jure
558 1311 617 1366 ideo
631 1330 684 1367 nou
698 1314 807 1370 libereri
820 1321 988 1388 solventem,
1040 1319 1165 1382 beheim,
1183 1333 1231 1370 neo
1249 1315 1318 1369 ectio
1335 1327 1368 1366 ex
1387 1311 1516 1383 stipuletn
1535 1308 1645 1363 sublete.
1662 1307 1697 1361 lit
1715 1310 1777 1362 heco
1796 1314 1860 1364 retio

165 1393 227 1464 qisie
239 1393 342 1448 nummi
355 1409 414 1448 eum
429 1405 567 1451 monerent
586 1398 714 1452 solventis
737 1416 758 1453 s.
783 1400 900 1476 decepti,
916 1421 988 1458 eum.
1039 1413 1102 1469 cet,
1119 1419 1167 1456 eur
1185 1417 1238 1455 non
1257 1401 1315 1471 ipso
1331 1401 1390 1468 jore
1405 1395 1537 1448 sotionem
1555 1394 1633 1447 istem
1652 1393 1779 1446 subletum
1802 1409 1860 1448 esee

166 1476 228 1532 dem
244 1477 354 1531 eoteieee
370 1495 425 1532 nou
438 1479 582 1534 restitneri-
601 1482 760 1553 Exemplum
779 1487 852 1540 enim
879 1490 988 1558 regulae
1042 1489 1068 1540 d
1087 1489 1106 1542 t.
1125 1489 1168 1540 2&
1188 1485 1305 1551 dictem,
1324 1481 1428 1553 sedper
1446 1475 1638 1548 exceptionem.
1656 1476 1733 1545 Quot
1746 1479 1783 1532 uri
1797 1495 1859 1532 oon·

168 1559 217 1615 lecc
227 1573 267 1616 esi
280 1561 369 1626 istius,
381 1577 449 1630 quse
460 1563 509 1628 eit,
526 1579 582 1616 rem
596 1565 694 1620 bebere
712 1568 757 1639 qui
774 1571 879 1626 notione
896 1575 988 1642 gendes
1037 1575 1109 1643 jecto
1125 1589 1174 1643 per
1191 1581 1336 1644 praetorem
1355 1565 1493 1636 quemdem
1508 1561 1615 1621 lectum.
1629 1574 1809 1630 agnoscentem
1823 1575 1859 1614 re·

166 1646 202 1700 sd
222 1647 340 1702 eerndem
366 1646 558 1714 obtinendem
581 1651 706 1722 dereptae
732 1673 793 1710 rero
811 1657 889 1712 bebet
906 1659 987 1714 ectio·
1040 1672 1101 1710 men
1119 1656 1238 1726 iniquum
1258 1671 1331 1719 esse,
1349 1651 1394 1722 qui
1416 1657 1519 1702 tectore
1538 1644 1750 1700 ecricnerenditi
1769 1663 1860 1699 nonte-

165 1745 228 1784 nem
247 1729 326 1794 lorti,
356 1729 579 1797 rindimtionem,
606 1735 805 1794 condictionem
837 1739 987 1796 torrium.
1038 1749 1273 1810 cotos,qnentum
1292 1738 1319 1790 in
1339 1751 1423 1807 poene
1441 1727 1859 1794 eontinebetur,ntbennsimul

167 1813 293 1868 Ultinrem
311 1818 391 1885 (puto
411 1825 497 1870 temen
512 1817 583 1872 idem
597 1833 655 1873 esse
666 1823 750 1891 quoad
762 1823 986 1900 riodicetinnem)
1039 1833 1120 1894 petet.
1138 1826 1235 1878 ltlouec
1253 1833 1400 1892 preeteres,
1419 1831 1452 1872 ne
1468 1815 1528 1886 quis
1545 1813 1651 1877 credet,
1676 1813 1736 1868 ideo
1753 1815 1861 1871 ectione

166 1898 191 1950 si
207 1899 298 1952 cedere
317 1899 386 1962 rnlt,
405 1897 531 1971 ardensis
542 1901 567 1956 d.
585 1903 603 1954 l.
622 1903 666 1956 38.
678 1905 825 1976 creditori,
838 1922 868 1966 nt
880 1913 985 1992 decepit
1037 1925 1072 1962 ex
1089 1909 1216 1979 stipuletn
1235 1906 1339 1978 pressis
1353 1902 1453 1957 aboleri
1472 1904 1531 1970 ipso
1549 1901 1605 1968 jure
1623 1899 1750 1951 notionem
1770 1903 1860 1954 scudi-

165 1985 277 2035 nomine
292 1981 410 2038 eemdem
428 1982 541 2040 intentet
551 1995 642 2039 contre
655 1986 777 2057 Titium,
789 1999 945 2067 exceptione
958 2003 988 2056 n.
1039 1992 1059 2044 ti
1078 1991 1110 2044 ed
1130 1991 1263 2054 interesse,
1281 1987 1351 2060 qood
1371 1989 1477 2042 ceretio
1495 1985 1601 2038 inducte
1615 1985 1638 2038 ei
1650 1985 1787 2055 stipuletio
1798 2003 1862 2041 oon.

166 2063 252 2118 bmari
273 2064 420 2120 debitorem
436 2083 452 2118 e
469 2067 598 2122 creditore
616 2069 735 2124 debitum
762 2078 916 2144 postulante,
932 2083 984 2137 131.
1040 2074 1135 2128 trectni
1148 2074 1312 2130 conditionis
1324 2071 1446 2146 perlecto
1460 2070 1593 2139 edjunote,
1607 2081 1631 2126 et
1643 2071 1780 2124 noretione
1792 2073 1859 2124 ectio

165 2147 313 2216 reptionem
333 2147 407 2200 illem
427 2148 548 2217 aneeins
565 2151 592 2204 d.
609 2151 627 2204 i.
645 2156 827 2227 exceptionem
847 2161 902 2216 doli
916 2180 989 2238 puter
1040 2159 1153 2230 pristine
1174 2161 1281 2215 tolletur
1299 2161 1357 2230 ipso
1375 2161 1443 2227 jure·
1462 2157 1614 2227 Respondet
1638 2157 1745 2225 quidem
1770 2156 1862 2210 Faber

166 2249 239 2294 esse,
258 2233 480 2300 minorationem
500 2251 553 2290 non
570 2253 603 2290 ex
617 2239 713 2294 merito
731 2243 874 2301 eotuttoctc
887 2247 987 2308 ireudi·
1040 2244 1067 2298 ‘i-
1085 2245 1104 2297 l·
1122 2246 1290 2300 mlimm
1308 2242 1370 2296 ΜΝ
1388 2257 1441 2294 ”⁰¹¹
1460 2239 1603 2310 mutili„
1619 2237 1775 2294 “mm
1795 2238 1821 2289 d·
1839 2239 1858 2293 1·

165 2315 216 2370 bus
233 2327 352 2370 erortee
369 2335 475 2372 meners
493 2329 572 2390 poto,
590 2319 636 2374 sed
648 2326 709 2393 quie
723 2328 764 2394 jue
777 2329 899 2401 iniquum
915 2337 986 2394 ride.
1038 2329 1082 2382 28.
1099 2328 1160 2398 qnis
1173 2328 1296 2392 noretio,
1308 2334 1337 2379 et
1349 2325 1462 2380 terbelis
1472 2322 1615 2392 obligetio,
1629 2339 1682 2374 non
1695 2323 1787 2376 tollere
1800 2339 1860 2394 pos·

167 2399 260 2463 turne,
279 2399 500 2470 nitet-insurgere
519 2401 552 2455 ed
571 2404 728 2462 mintionem
742 2410 896 2488 illurn‚qui
915 2423 983 2476 0012..
1037 2414 1074 2466 sit
1091 2411 1280 2482 obligstlonem
1299 2409 1505 2464 consensnelem.
1524 2407 1576 2462 Sed
1595 2405 1624 2457 id
1642 2421 1729 2460 contre
1749 2407 1861 2460 manile·

165 2481 233 2536 tioni
251 2481 341 2535 simile
361 2481 426 2554 quid
444 2495 577 2554 preestete
596 2489 658 2542 rult.
671 2491 744 2546 Telis
756 2493 818 2559 otc,
836 2498 883 2571 qni
895 2504 987 2562 cedere
1037 2507 1105 2550 stem
1126 2505 1227 2549 textum
1239 2496 1258 2548 i.
1272 2493 1343 2565 iff-
1355 2491 1389 2548 de
1402 2489 1546 2546 novatius.
1560 2491 1659 2544 Verum
1679 2490 1771 2544 ielsurn
1786 2491 1861 2562 quod

166 2564 343 2622 conditionem
369 2577 475 2636 peretur
493 2579 532 2622 est
551 2569 608 2637 illi,
626 2575 699 2643 coins
718 2578 879 2650 negligentis
897 2591 986 2643 cocti.
1035 2581 1135 2650 ediecte
1147 2580 1317 2650 stipulatione
1330 2576 1495 2632 consensoeli
1508 2575 1860 2630 contrectniinduceturoe-

164 2650 215 2718 til·
228 2659 258 2702 ¹¹²
268 2649 320 2720 litei
333 2649 419 2702 Titios
433 2655 571 2721 pecnniem
585 2653 725 2712 iureretur.
737 2659 805 2715 iisne
820 2666 842 2718 si
857 2667 926 2724 bunc
939 2673 984 2724 ed·
1036 2667 1120 2734 vetio,
1133 2675 1162 2719 nt
1173 2666 1243 2719 olere
1255 2673 1364 2719 testetur
1377 2663 1403 2716 d.
1422 2661 1440 2714 l.
1451 2661 1496 2712 71.
1507 2657 1541 2730 ffi
1550 2675 1602 2731 pro
1615 2657 1699 2712 socio
1712 2657 1750 2711 Fso
1769 2657 1855 2727 pluri·

165 2735 346 2789 ¹¹⁰¹¹i¹l⁸⁸⁸l⁰⁸
369 2737 514 2806 mittatis
532 2739 596 2794 etter
614 2739 714 2798 lurtnnr
733 2763 787 2799 oon
807 2747 925 2810 lecisset.
943 2755 982 2809 Ex
1034 2751 1085 2804 bus
1111 2751 1184 2804 enim
1212 2748 1387 2804 munimentis
1411 2747 1500 2820 ipsnm
1519 2743 1643 2798 insistere
1661 2744 1790 2808 soluisse,
1809 2743 1855 2813 qui

164 2819 210 2874 Ν·
226 2817 389 2888 ‘tundit-¹¹2
407 2839 422 2872 Ι
440 2822 571 2876 “difidit
588 2841 667 2880 mett
686 2829 809 2899 milicem
826 2834 902 2904 lieet,
925 2839 984 2910 ipen
1035 2834 1179 2888 contreetni
1192 2832 1422 2903 edjnngitpoense
1435 2828 1642 2902 stipulationem
1655 2837 1700 2880 eut
1713 2827 1736 2880 si
1755 2837 1856 2882 tentum

164 2906 222 2973 jure
233 2902 417 2956 libemtionem
431 2903 586 2976 contingere
597 2907 717 2964 debitore
730 2911 852 2968 creditori
866 2935 914 2972 sno
932 2922 981 2974 sot.
1035 2916 1063 2969 in
1075 2932 1106 2970 eo
1117 2915 1186 2986 quod
1199 2917 1321 2982 interest,
1333 2927 1461 2986 quantum
1474 2917 1502 2966 in
1515 2929 1677 2984 poene,quo
1693 2929 1774 2967 onere
1792 2933 1856 2986 pro·

162 2999 252 3053 rente,
268 2997 293 3040 ‘l
304 2987 374 3039 ”iifl
390 2987 762 3062 tetemortgcets,q„,1,1‚1,
777 2997 820 3049 dli„
839 3005 860 3062 ς.
881 3004 908 3054 1.
926 3003 980 3058 Ex·
1034 2999 1116 3052 bendi
1129 2998 1257 3053 interesse
1270 2998 1407 3064 liberetur,
1422 3013 1530 3052 noresee
1547 2995 1703 3051 censendus.
1721 2994 1788 3052 llum
1807 3002 1855 3069 qui

163 3071 281 3144 reptioni
295 3070 361 3126 lecit
375 3073 470 3124 locem
480 3071 523 3142 (3)
534 3073 573 3128 Ex
583 3075 674 3130 uilem
688 3080 792 3134 retione
809 3084 916 3140 ereoire
934 3108 982 3161 pu.
1032 3081 1085 3134 sibi
1099 3081 1272 3154 stipulatione
1283 3085 1385 3153 porculi
1400 3081 1550 3155 prospexit,
1570 3091 1607 3134 set
1626 3081 1733 3150 probet,
1753 3085 1774 3137 ei
1795 3101 1855 3155 prc-

163 3167 205 3222 tn,
220 3155 288 3228 quod
303 3155 332 3208 in
346 3155 363 3208 l.
377 3155 467 3225 ddffi
477 3158 512 3212 de
529 3159 628 3216 oetion.
646 3165 743 3232 empti,
761 3163 879 3222 dineturs
895 3191 979 3241 prae.
1033 3165 1129 3222 bererit
1142 3167 1340 3236 stipulationem
1355 3167 1432 3220 telem
1447 3164 1636 3228 intervenisser
1653 3165 1781 3220 interesse
1793 3183 1853 3222 sero

164 3243 210 3300 dele
233 3240 301 3294 midi
322 3239 472 3296 vendidisti
487 3253 513 3296 et
528 3247 652 3302 convenit
674 3257 706 3302 ret
723 3249 980 3322 elipnriijieceremg
1032 3265 1084 3303 non
1103 3249 1275 3320 probendum.
1287 3247 1330 3320 (i)
1343 3247 1441 3302 lisdem
1453 3249 1537 3312 ratio,
1550 3247 1620 3320 quod
1634 3247 1660 3301 3⁰
1675 3251 1691 3302 1·
1704 3250 1749 3302 ⁴⁶·
1761 3259 1782 3314 i·
1797 3251 1850 3324 fit·

162 3327 238 3400 errori
253 3324 279 3378 si
294 3341 351 3378 nnn
359 3325 506 3395 fecissem,
521 3345 642 3398 poem
666 3336 800 3403 promisi,
824 3344 980 3408 respondit,-
1032 3333 1151 3398 dicetur,
1163 3331 1310 3386 debitorem
1324 3332 1423 3402 pnpilli
1437 3332 1496 3402 ipso
1509 3333 1568 3398 jore
1587 3331 1691 3384 libereri
1700 3369 1709 3396 ,
1728 3332 1750 3385 si
1772 3336 1851 3386 tutori

160 3408 294 3464 stenditur
302 3417 450 3478 antrorum
460 3429 581 3479 menum
593 3431 630 3470 em
640 3415 768 3484 stipulatu
775 3431 859 3489 petet,
867 3441 904 3478 ese
917 3445 979 3485 m.
1032 3419 1152 3473 ulmum.
1166 3419 1250 3471 Tutor
1267 3417 1340 3470 enim
1359 3417 1406 3469 ille
1425 3427 1480 3484 est,
1498 3417 1541 3472 cui
1560 3418 1624 3470 solvi
1645 3427 1745 3487 potest,
1764 3421 1807 3472 cui
1827 3421 1851 3472 ei

161 3493 219 3547 dito
233 3499 415 3562 egereposerc
427 3493 461 3545 st
471 3505 628 3554 worcester
649 3498 757 3568 frueris,
774 3515 904 3572 quaerum
913 3527 981 3578 poe.
1031 3504 1142 3558 eotrttcr
1159 3501 1281 3575 seqnitur
1298 3505 1367 3573 quod
1380 3502 1484 3558 tottnur
1501 3503 1584 3565 ectio,
1602 3511 1628 3554 et
1646 3501 1668 3556 st
1689 3501 1797 3555 hemico
1809 3522 1850 3557 rc-

162 3597 218 3632 nue
232 3578 345 3630 nomr'rre
361 3577 498 3648 stipuletus
510 3589 586 3648 esset,
599 3593 721 3653 repentens
734 3602 771 3638 ee
781 3590 913 3658 stipulatu
925 3595 983 3650 doli
1031 3595 1135 3656 spretos
1151 3585 1183 3638 sd
1202 3585 1403 3650 liberetionem,
1422 3587 1453 3640 erl
1465 3603 1542 3657 qoem
1554 3589 1596 3655 joe
1609 3601 1715 3656 opernm
1728 3587 1794 3638 elius
1806 3588 1851 3638 ed-

162 3662 233 3718 meli
240 3661 361 3732 exceptio
372 3662 547 3718 submovebit.
559 3664 638 3720 dr'ese
648 3667 775 3735 stipulatu
784 3689 902 3741 poenam
912 3695 980 3732 003.
1031 3667 1108 3723 bibet
1125 3685 1160 3721 so.
1173 3667 1332 3738 excipientis
1353 3669 1380 3720 in
1400 3667 1515 3736 jndicio,
1530 3671 1597 3735 iuste
1608 3669 1707 3723 dictum
1722 3671 1779 3740 ipso
1790 3673 1850 3738 jore

159 3757 266 3808 secutus
272 3745 379 3818 siseris,
398 3745 458 3817 ipso
473 3750 533 3815 jore
551 3765 587 3802 roe
610 3751 716 3806 vendito
735 3770 816 3823 cgere
834 3774 892 3812 non
906 3775 980 3830 pere.
1031 3751 1178 3811 debitorem
1196 3751 1291 3824 pupilli
1306 3751 1424 3806 liberari.
1436 3750 1596 3822 (billincllit
1608 3753 1721 3806 ntldi.
1735 3757 1806 3814 §.iz
1820 3753 1849 3806 in

160 3833 215 3895 ris,
235 3831 290 3884 nisi
305 3829 333 3884 in
350 3827 395 3892 id,
413 3829 489 3900 prod
503 3830 588 3897 pluris
606 3833 664 3903 rjus
681 3833 849 3905 interfuerit,
867 3841 976 3912 &fieri
1022 3833 1081 3908 fin.
1090 3833 1132 3904 ff
1146 3833 1181 3889 de
1193 3833 1314 3902 petitr'on.
1331 3834 1434 3888 tnered.
1448 3835 1571 3888 ‹lireotor
1590 3835 1647 3906 ipso
1666 3839 1723 3903 inre
1736 3838 1844 3890 liberari

162 3917 208 3970 bit
225 3913 331 3988 sprideor
349 3911 435 3964 Fsber
453 3911 492 3966 ed
508 3912 534 3966 d.
552 3912 571 3966 l.
589 3915 649 3968 ideo
665 3929 782 3986 egentem
800 3923 979 3984 ectioneeen·
1030 3919 1165 3971 debitores
1184 3917 1369 3983 bserediterii,
1382 3918 1405 3970 ei
1422 3917 1547 3972 solverint
1561 3920 1702 3988 possessori
1717 3921 1772 3975 sire
1787 3923 1845 3977 bi.

161 4000 209 4056 diti
226 3995 287 4070 ipso
304 3997 362 4064 iore
379 3995 489 4050 nnlliter
501 3996 635 4065 experiri.
658 4000 720 4072 quis
743 4019 793 4072 per
809 4003 828 4056 l.
847 4005 892 4060 81.
911 4017 932 4074 e
951 4015 978 4070 n,
1031 4002 1137 4062 sintice
1150 3999 1246 4072 prsedo
1258 4011 1285 4053 et
1297 4002 1466 4072 postmodum
1477 4001 1612 4072 pecuniam
1624 4009 1847 4072 possessorsolrc·

111 4114 116 4124 ·
156 4085 241 4156 leget.
260 4086 285 4134 t.
300 4079 467 4150 exceptiones
483 4079 554 4148 bf
571 4081 694 4149 indiciis,
719 4088 794 4156 quale
818 4091 888 4148 ectio
914 4113 976 4151 een·
1030 4087 1067 4140 rit
1080 4086 1193 4156 petitori.
1208 4085 1254 4138 llle
1272 4084 1403 4155 sero,qni
1414 4101 1470 4138 rem
1487 4085 1685 4139 heerediteriem
1698 4105 1713 4140 e
1726 4089 1752 4138 b.
1760 4088 1778 4138 t.
1787 4109 1846 4158 poe.

160 4167 230 4229 diti,
247 4165 330 4218 insint
347 4163 407 4234 ipss
424 4165 496 4232 ἱππ,
515 4163 579 4218 eden
596 4175 626 4218 ttt
644 4175 719 4222 ector
734 4189 813 4241 egere
831 4192 884 4231 con
904 4198 979 4250 9⁰³⁸*
1029 4169 1209 4231 sessoreemit,
1218 4169 1385 4240 pretiumque
1393 4169 1842 4240 petitorsictorconeecntus,seltein

158 4253 264 4304 dicetur
287 4249 338 4318 teg.
357 4248 383 4300 d.
399 4243 441 4314 ff.
459 4231 492 4300 ds
509 4247 625 4302 nieme.
643 4253 746 4308 stendit.
765 4256 904 4314 Diversum
922 4281 980 4322 a„
1029 4254 1279 4324 peremptionem.
1293 4253 1371 4307 llrtio
1385 4254 1483 4324 prioris
1495 4265 1550 4320 est,
1562 4254 1622 4321 quie
1637 4256 1722 4309 soluto
1733 4274 1763 4309 eo
1775 4261 1844 4328 quod

158 4335 189 4386 in
208 4333 294 4386 stricti
314 4331 379 4399 ioris
396 4328 520 4398 judiciis,
536 4330 613 4400 quele
640 4332 776 4404 stipnlstio
800 4339 832 4394 ed
859 4360 975 4412 poem,
1030 4336 1134 4390 debitor
1147 4337 1170 4388 ei
1184 4339 1226 4389 cui
1241 4337 1362 4400 debetur,
1374 4338 1539 4407 extinguitur
1551 4338 1686 4406 obligetioc
1697 4339 1744 4390 bec
1756 4345 1845 4395 extin-

160 4421 260 4470 Verum
279 4416 340 4468 lioet
357 4431 433 4484 cupre
451 4416 505 4482 jem
521 4415 688 4483 egooeertn,
706 4419 873 4490 exceptiones
890 4425 977 4485 iecere
1026 4433 1067 4478 cte
1083 4423 1169 4476 oritur
1185 4421 1320 4486 liberetior
1340 4421 1431 4475 beldin
1448 4420 1544 4474 deinde
1562 4431 1679 4490 respectu
1698 4421 1730 4473 ed
1747 4425 1842 4478 libers-

159 4499 224 4570 d.f
243 4497 348 4566 iudiciis
365 4497 425 4566 ipse
441 4499 509 4565 jore,
536 4497 627 4552 bebite
652 4513 687 4556 te.
714 4517 831 4572 respectu
847 4509 880 4562 sd
900 4529 974 4568 exce.
1027 4509 1125 4561 tionem
1137 4521 1214 4574 quem
1225 4506 1366 4574 innomi
1378 4503 1497 4558 eumdem
1510 4503 1617 4558 dictitet
1629 4523 1679 4556 noc
1698 4509 1784 4574 ipsum
1799 4528 1843 4578 pe·

160 4586 280 4657 ptiones,
298 4597 364 4652 quse
377 4579 446 4632 lecto
457 4581 525 4649 juris
537 4582 636 4634 snbditi
652 4583 670 4634 i.
684 4601 706 4638 e.
720 4585 829 4641 citerior
840 4594 973 4662 eujccdm
1026 4591 1108 4659 regit,
1123 4588 1163 4640 nti
1176 4587 1303 4640 solutione
1314 4586 1437 4659 preestite
1450 4583 1498 4650 lit,
1512 4587 1559 4638 sed
1574 4585 1607 4636 ed
1623 4587 1680 4652 ejus
1697 4587 1841 4656 perlectio-

157 4687 236 4742 opere
247 4669 352 4733 insunt,
365 4674 480 4720 sttemen
492 4665 522 4718 id
539 4683 628 4720 rerum
646 4679 700 4724 eret
718 4669 746 4722 ic
762 4685 823 4724 eesu
840 4674 886 4727 nbi
906 4680 974 4734 nihii
1026 4689 1087 4725 nem
1099 4687 1204 4740 operem
1217 4669 1327 4725 edbibet
1339 4667 1486 4735 liberandi,
1499 4668 1629 4740 ipsojnre
1641 4669 1701 4720 telis
1718 4669 1842 4724 liberatio

156 4754 314 4820 contigeret,
328 4749 396 4821 quod
410 4751 469 4821 ipso
485 4754 542 4819 jure
558 4751 689 4806 nexionem
707 4755 862 4821 sustulerst,
881 4777 976 4835 nempe
1026 4753 1079 4806 diei
1094 4752 1240 4806 merebitur
1251 4749 1329 4806 lecte.
1342 4751 1395 4804 Sed
1407 4751 1496 4804 obstet
1514 4750 1572 4814 bie,
1583 4751 1652 4822 qnod
1665 4751 1727 4804 dum
1739 4751 1843 4808 debitor

158 4839 180 4891 si
205 4845 352 4892 metuetur
373 4835 555 4890 mosensuelis
571 4835 695 4890 dissensu
712 4849 799 4894 sencio
827 4843 972 4917 collocem,
1027 4837 1118 4902 solete,
1131 4851 1264 4908 possem
1278 4851 1331 4889 non
1344 4835 1452 4888 soluisse
1464 4833 1601 4888 habendus
1620 4834 1655 4886 etr
1672 4836 1714 4886 coi
1732 4833 1842 4889 debebi-

156 4920 206 4984 ibi,
219 4921 280 4992 qnie
292 4930 394 4991 pentum
407 4916 646 4999 ooptrerinmsecti
655 4930 727 4986 eret,
736 4939 788 4976 non
801 4933 918 4995 potuer,
930 4931 973 4983 nt.
1025 4931 1083 4986 tur,
1097 4921 1115 4974 i.
1128 4937 1150 4972 e·
1163 4937 1223 4974 sero
1237 4919 1344 4972 beeredi
1352 4957 1361 4984 ,
1372 4918 1435 4990 quie
1454 4921 1497 4972 lrx
1516 4928 1608 4971 trertet
1624 4918 1658 4971 de
1676 4935 1838 4988 possessore.

157 5005 180 5058 si
195 5021 241 5074 per
253 5005 435 5075 exceptionem
448 5003 471 5054 t.
481 5003 508 5072 fl
523 5002 752 5073 jodiciosgnelem
766 5007 974 5078 ipsnjcre,.1„.
1024 5001 1070 5072 qui
1083 5000 1245 5072 postmodum
1257 5001 1342 5056 riolos
1361 5001 1380 5055 i.
1397 5020 1421 5055 e.
1438 5019 1491 5055 non
1511 5001 1601 5052 beeree
1618 5000 1769 5054 dederetus.
1788 5005 1841 5056 Re-

155 5089 206 5144 lesi
232 5087 284 5152 id,
308 5086 380 5158 qnod
400 5085 473 5156 ireres
487 5083 583 5141 fueret.
603 5086 638 5138 et
656 5097 748 5142 contre
765 5092 925 5161 opinandum
944 5097 973 5152 in
1024 5085 1117 5154 ‘md
1134 5085 1278 5138 solventem
1297 5083 1459 5138 mensleteriu
1475 5085 1532 5154 ejus
1549 5087 1591 5136 cni
1609 5085 1672 5153 quid
1686 5084 1838 5151 debebetor,

158 5171 292 5241 proesenti
305 5187 364 5224 esso
376 5172 492 5241 qnojsm
505 5172 558 5246 jem
571 5185 604 5224 ex
616 5169 854 5247 l.lt.etreqn.ff.
863 5198 913 5247 pm
931 5197 975 5236 ω.
1026 5169 1136 5226 soluisse
1153 5167 1243 5222 behert
1263 5167 1316 5238 ipsi
1335 5167 1451 5221 debitori
1469 5168 1489 5220 i.
1509 5167 1552 5220 tr.
1571 5177 1597 5221 et
1614 5168 1632 5220 t.
1646 5165 1735 5234 ettff.
1749 5167 1782 5222 de
1793 5183 1840 5223 se.

154 5255 199 5308 nio
222 5269 358 5307 noscemus
376 5253 519 5316 contigisse
536 5254 583 5316 ld,
600 5253 670 5323 quod
689 5257 758 5311 tollit
776 5263 973 5331 preecedentem
1024 5253 1122 5309 letior.
1139 5250 1303 5308 lletiltebitie
1315 5263 1399 5306 entem
1417 5254 1601 5322 sequiperetur
1620 5251 1752 5316 mendeto,
1772 5254 1860 5328 beno!

155 5335 343 5406 obligationem
358 5337 415 5407 ipro
427 5339 498 5403 lore,
513 5353 609 5406 nempe
620 5339 793 5396 solutionem·
803 5343 881 5400 Nibil
893 5347 975 5418 igitur
1025 5336 1126 5406 limbi!
1136 5335 1221 5390 '⁵⁰¹⁰‘
1232 5333 1293 5388 ‘¹⁰¹¹'
1308 5333 1404 5406 '⁰²39st
1417 5334 1470 5406 (ιιι
1481 5336 1552 5406 ‘lli'li
1566 5334 1595 5388 5¹¹
1609 5335 1633 5388 d
1647 5335 1665 5387 Ῑ·
1677 5333 1782 5406 ‘diffisi
1794 5354 1838 5405 pe-

154 5418 219 5473 lucit
231 5417 316 5470 Folri
327 5421 404 5474 retio.
417 5419 476 5474 Non
496 5421 647 5488 temenrjnr
661 5421 760 5476 intritus
779 5427 830 5498 ipsi
851 5431 915 5486 eden
926 5451 972 5488 ex.
1023 5423 1144 5486 ennium,
1156 5437 1262 5490 quemn
1281 5419 1445 5474 debitoribus
1463 5435 1598 5491 possessor
1616 5429 1742 5487 exegerit
1762 5421 1837 5474 Retio

154 5503 308 5573 prebende,
331 5521 390 5558 cnm
418 5516 477 5574 post
498 5507 639 5568 Aeonem,
658 5515 684 5558 et
703 5509 837 5567 Salienus
852 5517 971 5573 umam
1024 5505 1179 5578 posterioris
1192 5504 1320 5574 est,quie
1332 5503 1457 5574 quesnelio
1472 5519 1523 5557 non
1542 5503 1652 5557 solritnr
1668 5503 1738 5572 quod
1757 5501 1836 5558 debe·

154 5587 364 5657 esuplexos,nni
385 5599 528 5641 mereretur
545 5589 628 5641 moiri
647 5591 674 5643 in
694 5609 875 5654 commentar.
891 5601 930 5654 aa
945 5605 969 5656 d,
1024 5591 1130 5652 tunuli
1144 5591 1214 5643 nulle
1225 5585 1396 5658 obligetiouie
1405 5589 1552 5651 extinctio,
1570 5589 1604 5641 ite
1625 5587 1694 5640 nulle
1714 5585 1835 5642 liberetio

154 5669 229 5724 228.
249 5689 277 5726 e.
297 5673 324 5726 t.
337 5671 473 5728 aeeon
487 5688 539 5726 non
550 5671 602 5726 elis
615 5673 682 5728 retio
694 5677 719 5731 d.
732 5678 750 5734 l.
766 5681 835 5736 mibi
851 5683 967 5758 etitem,
1020 5673 1106 5746 ipsine
1117 5671 1204 5744 irrite
1216 5687 1279 5744 eren
1297 5671 1398 5742 siquis
1416 5669 1566 5729 liberendns
1584 5680 1638 5741 ert,
1657 5670 1834 5726 nibilominus
