4446 6220
213 247 269 300 ete
698 241 747 296 DE
765 238 811 294 ΕΟ
830 238 930 310 utun
948 235 1007 289 PIT
1026 235 1108 290 ll'Sl)
1126 235 1235 302 tunc,
1255 250 1315 292 ner.

1747 249 1800 304 Sil

162 343 362 397 lnoensmnalata
383 361 448 399 uero
468 337 599 408 praedicta
622 335 750 402 fictione,
776 333 978 390 iiaieiruroutissi
1035 335 1088 403 ingl
1108 333 1172 385 iilud
1191 329 1268 390 fleri.
1288 334 1365 405 Quod
1387 334 1483 389 iaciunt
1503 355 1559 392 esse
1584 343 1796 415 aestimandum,
1816 351 1862 407 ott

161 429 286 497 partibus
303 427 422 494 frangitur
442 427 502 477 talis
520 421 766 476 ‹toattsta.vtnnn
798 433 857 472 tuno
888 421 979 470 sattcm
1033 415 1170 472 ouatiirmat
1191 437 1318 488 expresse
1337 419 1522 474 donationem.
1543 424 1645 492 Cuuim
1665 431 1861 505 illudexeqni-

159 513 212 565 ista
231 509 336 566 listinae.
352 530 417 582 npns
437 521 506 581 puto,
525 507 570 560 nbi
586 506 795 576 dispiciendum,
809 521 872 556 nuru
887 502 978 556 delun·
1033 515 1083 569 tur,
1101 506 1163 558 «laam
1186 509 1297 560 retinet.
1317 507 1444 560 lietinare
1463 512 1534 562 enim
1555 525 1594 566 est
1617 516 1721 571 tradere
1740 519 1759 572 t,
1778 521 1824 572 28,
1838 541 1860 574 ρ,

155 607 219 649 ctus
237 597 345 664 legendo
363 593 505 648 excesserit
526 591 698 644 dodrantem.
725 589 783 642 lion
809 589 854 641 nbi
874 590 908 641 de
927 590 981 659 iege
1033 589 1066 642 de
1086 589 1187 643 donor.
1208 591 1264 645 lano
1282 591 1401 645 retinere
1418 611 1520 666 qnoque
1539 609 1578 652 est
1599 602 1741 671 accipere.
1767 605 1864 660 Tradit

159 679 269 731 ,laloirlia
287 680 433 740 observata,
451 678 552 729 nuiinm
572 687 612 728 est
630 675 749 726 dubiusne.
769 674 837 726 lists
856 673 875 726 i.
896 673 940 724 23.
959 692 983 728 c.
1033 683 1168 742 praeterea
1187 683 1214 725 et
1233 675 1330 744 accipit
1353 675 1432 728 etism
1463 693 1595 736 nrumeuto
1617 685 1683 739 ritae
1703 697 1861 757 postremo,

159 765 300 817 dartonot
319 762 393 816 inter
409 761 456 814 uir.
476 771 503 812 et
522 776 602 814 aanor.
621 776 668 828 per
686 757 823 810 attentiora
843 754 982 812 oonfirna·
1034 756 1092 826 quia
1112 757 1205 810 eudem
1232 759 1336 812 animus
1362 761 1495 814 retinendi
1522 765 1618 819 durat.
1644 769 1770 824 Animum
1802 791 1862 826 eaeo

159 851 185 903 ri
206 849 285 902 talem
305 846 475 900 donationem
494 845 628 908 statuitur,
648 861 698 895 acc
717 859 769 894 non
783 857 908 913 expressa
921 859 981 896 uon-
1032 837 1159 893 sufficere
1176 841 1208 893 ad
1228 852 1371 913 utrumque
1391 844 1416 896 d.
1436 844 1453 895 l.
1473 845 1517 898 28.
1536 850 1598 902 satis
1623 861 1748 906 testatur.
1769 857 1864 912 Probat

162 935 316 988 firmatione
335 933 434 986 inserts
454 939 629 984 testamento.
648 929 705 981 Non
725 946 793 997 opus
810 946 872 982 aero
886 925 983 982 inierat
1033 923 1166 976 subtilitas
1185 923 1256 990 isaeo,
1277 927 1363 980 tuturo
1383 931 1514 999 respicere
1529 936 1646 1002 potuisse
1663 937 1861 994 translationem

160 1019 385 1073 testamentariam
404 1016 510 1086 exigere
535 1010 769 1068 confirmationem
796 1012 828 1063 ad
859 1011 981 1066 ellectum
1033 1007 1071 1058 Ni
1091 1006 1210 1073 ‘lomina
1231 1027 1307 1079 ‘tum
1327 1007 1421 1066 sectam
1441 1003 1643 1093 p'raesnpposnit
1669 1037 1702 1074 es
1719 1025 1863 1090 jureordi·

157 1106 294 1160 dieersnm
313 1123 327 1155 a
344 1099 547 1157 ooaafirmstioue
564 1115 611 1172 per
630 1098 776 1160 silentium,
794 1097 839 1167 qni
861 1097 887 1150 si.
906 1097 982 1150 tes.
1034 1091 1146 1144 erasini.
1165 1109 1187 1144 s·
1208 1091 1252 1144 ubi
1272 1092 1373 1148 laetum
1392 1095 1491 1152 subditi
1510 1099 1578 1172 juris
1600 1103 1802 1172 extrsjudiciale
1821 1107 1865 1160 iu·

161 1205 325 1261 expressus,
345 1189 367 1240 si
388 1203 493 1258 semper
512 1193 666 1238 testamento
683 1183 802 1234 “rudem
828 1178 981 1235 oouiirmsrl
1034 1176 1155 1238 terrenit,
1176 1175 1318 1247 eodemque
1336 1181 1508 1249 postmodnm
1529 1195 1631 1237 rensotu
1659 1205 1672 1238 s
1694 1190 1863 1244 translatione

156 1270 318 1341 fingam,
339 1272 463 1340 qpemqu,
482 1277 552 1340 μω
569 1284 602 1320 02
623 1276 713 1320 pam„
731 1265 985 1320 „neeionmwert
1034 1257 1102 1324 ists,
1120 1277 1198 1329 quarn
1218 1279 1232 1312 s
1251 1265 1401 1330 juroestra
1421 1266 1485 1318 iilud
1507 1265 1603 1320 iactum
1631 1269 1777 1340 (apertam
1807 1276 1864 1326 scil.

163 1355 345 1425 imperatoris,
365 1353 422 1422 (sd
435 1371 513 1424 quaen
533 1351 662 1421 Ulpianus
680 1349 704 1402 ti.
723 1347 741 1403 l.
760 1349 805 1400 23.
823 1360 945 1420 prorocst
958 1350 983 1419 ),

164 1443 307 1512 requisirit
326 1441 408 1504 enim,
428 1439 468 1492 uti
488 1447 559 1508 patet
575 1437 637 1488 eorl
666 1437 709 1486 10.
726 1451 750 1488 c·
769 1434 794 1486 d.
811 1446 830 1486 ι.
850 1447 879 1488 nt
897 1435 927 1488 in
940 1453 984 1488 ru·

162 1525 260 1580 luntste
279 1527 311 1579 ad
331 1535 444 1580 mortem
463 1522 612 1574 ιιιιιιιοιίι.
633 1521 690 1574 lloc
707 1537 809 1590 qnoque
826 1535 885 1572 eum
898 1519 983 1573 eonti-

135 1605 138 1612 ’
159 1614 234 1683 ςὶςιο
251 1613 304 1666 dici
324 1613 429 1684 poterit,
449 1610 493 1663 nbi
514 1607 654 1662 defunctus
678 1606 822 1658 «inustione
840 1623 892 1659 nou
912 1621 983 1660 reso·

163 1711 226 1762 cata,
244 1698 403 1751 censentium
423 1689 651 1748 confirmationem
665 1699 738 1742 extra
753 1686 885 1741 iictionem
904 1687 982 1742 istam

164 1784 275 1839 haberi.
294 1781 378 1851 igitur
406 1781 469 1832 licet
493 1777 622 1847 Ulpianus
650 1771 675 1826 d.
705 1773 722 1826 l.
754 1774 797 1824 23.
830 1774 984 1829 remorando

158 1867 251 1922 uerbis
269 1865 326 1938 ipso
350 1865 417 1938 jura
442 1863 499 1935 ejus
516 1858 585 1930 fieri
606 1873 746 1927 expressae
774 1852 984 1910 confirmationis

163 1949 366 2013 neccessitatem,
388 1963 441 1999 nnn
461 1943 608 2016 respexerit
625 1943 702 1996 rerba
722 1943 787 2007 ista,
804 1942 884 2012 quusi
906 1951 984 1996 testu·

160 2047 253 2089 merrro
269 2032 484 2104 confirmatum
501 2037 620 2082 attemen
637 2024 709 2078 alind
727 2028 768 2094 jus
787 2027 920 2096 respicere
939 2045 982 2098 po-

162 2123 234 2185 tnit,
253 2119 322 2190 qnod
342 2113 544 2172 confirmatione
564 2127 686 2184 expressa
706 2127 758 2166 nun
775 2130 843 2182 upns
861 2128 919 2165 esse
937 2115 984 2179 ait,

159 2205 221 2258 scil.
239 2203 307 2273 qood
326 2203 352 2254 d.
380 2202 397 2254 l.
428 2201 471 2251 10.
495 2197 621 2262 refertum
645 2205 754 2267 apparet
783 2198 871 2268 ltsqne
889 2200 984 2252 Jcttsm

163 2301 265 2343 rcruuto
282 2305 327 2354 eo,
345 2285 415 2356 quud
434 2279 518 2336 rideri
548 2290 653 2351 poteras
684 2281 725 2345 ins
756 2277 853 2333 lactum
885 2281 984 2334 subditi

163 2371 369 2444 extrajudiciale,
389 2365 642 2430 usniirmatiooens,
663 2363 820 2434 requirere,
835 2365 923 2420 dicere
940 2386 985 2438 po·

162 2459 261 2520 tuisse,
280 2457 339 2528 ipso
357 2457 416 2524 jure
434 2469 490 2508 rens
510 2453 632 2520 donatam
658 2448 776 2519 conjugis
801 2447 913 2504 laetam.
932 2449 984 2503 Sed

164 2541 278 2606 deberes,
298 2543 433 2592 vuluntate
451 2533 599 2590 dominium
620 2551 673 2586 non
701 2533 834 2588 transire.
858 2534 928 2604 Ergo
943 2537 984 2604 jus

164 2623 251 2693 ipsum
272 2621 358 2675 eidem
379 2637 431 2672 nun
452 2618 595 2690 potuisses
612 2621 673 2672 icto
690 2618 798 2688 opponi.
816 2617 892 2671 Tunc
909 2618 983 2670 enim

166 2708 207 2772 ius
226 2708 314 2777 ipsum
341 2704 411 2758 lacto
436 2703 537 2758 subditl
561 2701 752 2772 estrsjudieisli
776 2702 874 2773 opponi
903 2718 982 2771 prue-

158 2791 220 2847 ced·
245 2786 285 2862 §5-
312 2789 431 2843 doctriua
461 2785 669 2842 enimadsertere
699 2783 796 2850 licuit,
826 2800 886 2837 curn
917 2782 981 2838 laeti

165 2874 244 2928 istius
262 2873 327 2926 alias
341 2873 386 2926 ille
397 2881 454 2926 erat
467 2871 587 2932 effeetus,
612 2871 657 2940 qni
686 2867 800 2923 refertur
819 2883 876 2921 esse
897 2867 983 2939 ipsius

163 2959 237 3028 juris.
256 2958 395 3012 votuntaao
408 2975 469 3010 sero
485 2957 539 3008 sols
559 2971 610 3008 non
633 2949 792 3006 transfertur
809 2950 981 3018 dominium,

161 3042 237 3114 quoti
251 3051 338 3098 tamen
354 3041 380 3093 d.
392 3042 411 3092 l.
425 3039 470 3092 32.
483 3043 557 3094 lctus
570 3037 673 3106 dejure
686 3035 744 3105 ipso
757 3035 906 3106 praedicat.
932 3038 983 3090 Ite-

164 3127 260 3194 spond.
283 3143 335 3178 non
351 3141 400 3196 pro
412 3125 484 3179 undu
497 3123 630 3178 roinntste
643 3117 871 3174 confirmationem
885 3119 959 3172 illurn
974 3158 981 3186 ,

164 3212 220 3262 site
233 3225 281 3280 per
294 3200 570 3268 attonitosattonitcs
584 3219 631 3275 per
644 3202 733 3256 fictam
748 3203 821 3256 illam
842 3200 981 3257 confirma·

165 3294 268 3347 tionero
280 3289 499 3347 testamentariam
512 3288 647 3355 declarata,
661 3286 824 3354 babendum,
838 3285 886 3342 sed
906 3304 982 3358 prae·

164 3376 276 3428 cessisse
296 3372 476 3427 traditionem.
495 3377 603 3436 Inatos,
617 3381 643 3424 et
656 3371 794 3424 conventio
816 3382 843 3425 et
867 3370 976 3423 traditio

165 3465 244 3509 erant
256 3465 345 3509 contra
359 3456 438 3524 leges,
451 3455 563 3524 ideoque
576 3455 675 3516 inanes,
689 3454 712 3505 si
724 3451 899 3506 nibilominus
922 3471 982 3524 per·

166 3539 309 3594 severentia
334 3539 477 3590 solnutatis
496 3555 551 3590 rem
571 3534 656 3590 lacere
676 3537 794 3606 conjugis
818 3537 922 3606 conjugi
943 3540 984 3606 jus

165 3625 300 3695 permisit,
314 3637 401 3676 serum
415 3621 500 3674 adbuc
513 3622 565 3674 sola
580 3623 713 3674 voluntate
725 3620 876 3674 dumiuinm
891 3621 985 3674 transi·

113 3715 117 3722 '
167 3725 209 3763 re·
229 3708 364 3779 llespond.
378 3705 499 3759 liictiune
510 3705 599 3758 brevis
614 3721 706 3756 manen
723 3703 847 3757 voluntati
863 3705 986 3758 accedere

170 3792 348 3844 traditionem.
363 3789 430 3842 Nsrn
444 3789 506 3841 doru
524 3788 649 3862 perdurat
661 3788 756 3840 ultimo
768 3787 838 3840 ritae
851 3801 985 3844 nauuseutu

169 3877 198 3928 iu
213 3878 301 3928 anino
315 3874 441 3938 donandi,
455 3869 676 3937 concludentium,
689 3872 806 3923 animum
820 3889 923 3941 quoqne
932 3873 984 3924 istu

168 3967 302 4012 muniente
321 3956 491 4027 perdurasse,
506 3971 559 4007 reru
580 3954 700 4008 tlonatsns
725 3955 911 4026 relinquendi.
931 3954 983 4010 Ubi

168 4043 301 4112 reruqnis
314 4058 369 4092 rem
388 4039 551 4110 derelinquit
576 4055 655 4109 penes
677 4037 751 4092 illum
762 4078 771 4106 ,
796 4039 841 4110 qul
867 4039 985 4094 eamdem

168 4129 241 4199 prius
256 4128 410 4190 dederat,et
427 4123 540 4176 adiuerit
552 4123 656 4175 animus
670 4121 842 4176 transterendi
859 4121 985 4190 dominii,

168 4211 257 4264 breris
278 4225 370 4261 manus
390 4205 499 4260 fictione
523 4218 643 4259 censetur
660 4205 779 4258 eamdem
803 4207 932 4278 recepisse
956 4217 984 4260 et

169 4292 321 4348 tradidisse.
333 4293 386 4343 Sed
400 4307 476 4352 cero,
489 4290 552 4358 qnid
567 4287 789 4360 respondendum,
803 4291 827 4342 si
838 4291 982 4358 diceretur,

168 4375 309 4430 fictionem
324 4376 411 4426 brevis
424 4391 516 4426 manna
530 4389 582 4426 nou
596 4373 670 4427 aliter
688 4374 842 4444 procedere,
866 4393 943 4444 quarn
965 4375 989 4427 si

169 4462 230 4530 qnia
243 4467 360 4528 pottaerat
371 4467 428 4510 actu
443 4475 496 4511 rern
512 4459 638 4527 recipere,
650 4469 677 4511 et
690 4458 810 4512 eamdent
824 4461 989 4531 relinquere.

170 4547 230 4599 tam
244 4559 319 4608 vero,
333 4559 367 4594 ne
380 4541 483 4594 donatio
501 4543 573 4594 inter
585 4544 707 4611 conjuges
726 4537 788 4605 liat,
803 4553 893 4596 contra
905 4543 988 4611 legem

168 4629 371 4700 prohibentem,
389 4638 488 4696 oportet
509 4637 537 4678 ut
560 4626 654 4678 ultimo
680 4625 745 4680 sitae
762 4635 896 4679 momentu
914 4625 989 4679 iacta.

168 4715 227 4764 lino
245 4729 306 4764 aero
324 4728 376 4762 nnn
403 4710 539 4772 admittit,
560 4719 588 4761 ut
612 4727 688 4778 aeger
713 4721 800 4763 ruente
824 4723 854 4762 so
883 4725 992 4779 corpure

170 4807 306 4851 censemur
324 4794 543 4849 animadvertisse
561 4793 695 4846 licentiam
715 4810 770 4846 rem
789 4791 947 4861 repetendi,
962 4809 991 4844 se

170 4884 291 4936 habuisse
312 4885 454 4951 potentiam
475 4876 610 4931 auferenti
637 4893 666 4929 au
689 4875 862 4934 restituendi.
881 4875 991 4927 Necesse

168 4983 229 5037 ergo
247 4975 275 5018 ut
294 4977 432 5028 statuatur,
459 4959 592 5016 fictionem
612 4962 699 5016 brevis
718 4977 811 5014 mauras
830 4959 989 5030 procetiere,

170 5051 312 5104 durannudo
331 5049 448 5101 roinntas
466 5046 580 5099 adiuerit
606 5046 782 5098 transterendi
807 5054 834 5098 et
857 5045 989 5114 sucipien-

161 5135 214 5200 'di;
235 5152 287 5186 saon
305 5151 371 5204 opus
389 5150 462 5198 esse,
481 5143 510 5184 ut
530 5131 680 5184 laenitatem
701 5129 821 5184 habuerit
844 5131 989 5182 naturalem

171 5239 227 5274 reru
248 5229 376 5288 receptam
398 5213 568 5270 restituendi.
590 5213 667 5284 Quod
690 5223 800 5268 statuere
825 5213 904 5277 iicet;
928 5229 989 5268 uam

169 5313 257 5376 potest
274 5304 335 5374 quis
353 5301 406 5354 dici
426 5300 530 5354 aledisse
548 5307 575 5353 et
593 5299 742 5369 accepisse,
765 5297 826 5352 iicet
856 5299 915 5367 ipse
938 5315 990 5352 nou

161 5388 291 5441 ¹babuerit
309 5383 379 5438 eires
398 5381 564 5454 recipiendi:
582 5399 606 5434 r.
624 5397 647 5450 g.
674 5381 703 5434 si
728 5389 831 5434 struem
860 5381 990 5451 lignorum

168 5481 255 5532 eruet,
274 5469 342 5539 qnod
363 5469 513 5538 exemplum
532 5468 551 5520 l.
569 5467 612 5518 bl.
631 5467 663 5520 de
681 5485 708 5519 o.
727 5483 751 5520 r.
777 5466 803 5519 d.
827 5476 918 5522 tractat
939 5469 990 5520 Jo-

169 5561 304 5616 vulenus.
324 5555 378 5607 atti
397 5572 509 5624 usrnqne
528 5561 616 5623 potest
634 5553 788 5622 injungere,
807 5571 858 5623 quo
877 5569 932 5606 rem
952 5571 991 5606 ac-

169 5644 253 5716 cipiat
273 5643 299 5696 d·
318 5641 337 5692 l.
357 5641 401 5694 37.
421 5639 450 5694 Si
470 5639 589 5694 ultimum
610 5652 708 5705 rerum,
722 5648 989 5710 potestquoquecun·

1033 1339 1281 1410 cnrafirmstionem,
1299 1355 1328 1397 et
1345 1349 1442 1401 exinde
1462 1361 1661 1422 praesumptam
1690 1355 1861 1412 traditionem
1895 1364 1898 1372 ’

1035 1425 1122 1478 brevis
1142 1429 1260 1498 mareis)
1283 1431 1372 1500 peragi
1401 1434 1580 1501 pronunciare
1606 1437 1711 1503 volarit,
1735 1441 1860 1496 cumdem

1034 1510 1094 1578 ipro
1114 1513 1171 1578 jaare
1188 1529 1244 1564 reru
1264 1513 1385 1568 donstnm
1406 1513 1463 1571 lieri
1483 1519 1602 1588 conjugis
1624 1521 1801 1590 superstitis,
1822 1521 1862 1574 di·

1034 1609 1093 1646 nere
1120 1596 1257 1666 potuisse.
1283 1599 1372 1650 Tertio
1393 1601 1559 1670 pronominis
1581 1603 1660 1657 istius
1692 1605 1762 1658 ratio
1785 1605 1868 1662 rideri

1035 1691 1132 1750 posset,
1151 1685 1243 1736 letum
1266 1683 1419 1753 significare
1437 1686 1560 1752 soluisse,
1580 1707 1633 1743 uon
1654 1709 1719 1762 opus
1738 1709 1818 1759 esse,
1837 1706 1863 1746 nt

1035 1763 1150 1818 tradatur
1174 1766 1207 1817 ab
1232 1766 1345 1820 haerede
1368 1767 1412 1822 sed
1441 1772 1484 1838 jus
1509 1772 1595 1842 ipsum
1630 1773 1721 1829 lature
1751 1781 1864 1850 conjugii

1035 1847 1154 1901 eamdem
1173 1851 1227 1918 jam
1249 1851 1415 1904 transtulisse
1433 1852 1462 1906 iu
1482 1858 1618 1926 conjugem
1641 1859 1737 1922 eodem
1761 1865 1820 1932 jura
1837 1889 1866 1920 ac

1035 1932 1050 1996 ς
1078 1933 1103 1982 t.
1123 1934 1204 2006 hujus
1220 1945 1281 1987 secr.
1301 1954 1339 1989 ex
1356 1935 1374 1989 i.
1392 1936 1418 1988 9.
1437 1939 1460 2005 ς.
1481 1942 1506 1990 1.
1515 1939 1556 2012 ff
1577 1941 1610 1996 sie
1624 1943 1647 2014 J'.
1677 1945 1780 2002 dotium
1808 1969 1866 2020 per-

1036 2025 1166 2083 spectum.
1184 2017 1289 2089 liensps
1308 2020 1458 2074 dominium
1483 2021 1634 2078 desolutum
1663 2044 1721 2081 esse
1748 2030 1776 2086 iu
1807 2031 1867 2086 bae-

1036 2099 1135 2166 eedera,
1151 2104 1349 2173 quamprimum
1369 2108 1464 2176 conjux
1484 2121 1621 2163 mortuus·
1647 2114 1747 2167 Vernus
1767 2114 1865 2170 diversi

1034 2196 1110 2235 usus
1130 2182 1158 2236 in
1177 2185 1203 2235 al.
1222 2185 1240 2238 l.
1258 2185 1284 2239 9.
1303 2197 1329 2240 et
1350 2187 1397 2240 bac
1416 2190 1435 2241 t.
1455 2189 1501 2244 ³2.
1521 2191 1592 2244 liam
1612 2193 1640 2248 in
1658 2195 1683 2249 d
1704 2198 1762 2252 1.9.
1781 2199 1866 2254 durni·

1036 2270 1110 2320 ninm
1129 2283 1160 2320 es
1179 2271 1380 2342 praesupposito
1397 2271 1453 2326 toti
1469 2312 1477 2341 ,
1496 2273 1510 2344 (
1520 2288 1545 2332 et
1564 2289 1634 2333 recta
1650 2281 1781 2353 quidem,
1808 2288 1870 2360 quia

1036 2351 1166 2421 pendente
1185 2352 1338 2408 conditione
1356 2355 1479 2414 domiuus
1498 2363 1557 2432 quis
1577 2377 1624 2430 est,
1648 2370 1694 2442 qui
1714 2373 1769 2438 ejus
1783 2380 1866 2426 trans-

1034 2435 1156 2490 lationem
1188 2435 1299 2492 debebat
1316 2442 1470 2498 conditione
1488 2447 1640 2502 eveniente.
1670 2451 1700 2504 iu
1719 2452 1868 2510 dominium

1037 2519 1119 2589 igitur
1137 2521 1257 2577 deinncti
1277 2527 1413 2580 succedere
1433 2528 1524 2584 haeres
1543 2535 1646 2603 potnit.
1671 2537 1804 2592 liseredis
1826 2560 1868 2596 ae·

1034 2620 1064 2658 ro
1083 2604 1231 2659 dominium
1254 2608 1279 2661 d.
1299 2609 1315 2662 l.
1336 2610 1361 2664 t.
1383 2629 1480 2668 nusum
1500 2631 1559 2668 csse
1578 2616 1690 2690 dicitnr)
1702 2617 1798 2676 iactum
1811 2623 1868 2678 luo-

1034 2699 1072 2740 rat
1090 2688 1225 2755 baeredise
1245 2707 1351 2748 necesse
1370 2694 1468 2768 itaque,
1489 2707 1517 2753 nt
1535 2699 1577 2768 jus
1591 2703 1678 2771 ipsum
1691 2716 1866 2776 occuparetur

1033 2767 1153 2822 dominio
1172 2772 1374 2843 transierendo,
1404 2779 1427 2830 si
1447 2792 1522 2835 extra
1548 2783 1714 2837 traditionem
1734 2789 1796 2844 nuri
1824 2787 1869 2844 do-

1034 2853 1102 2906 nsini
1122 2853 1236 2908 dominii
1255 2874 1363 2928 compos
1382 2862 1491 2916 maritus
1511 2865 1626 2920 nornine
1645 2871 1735 2925 uxoris
1761 2873 1868 2929 eradere

1033 2933 1125 2990 debet.
1146 2939 1177 2990 ln
1197 2940 1215 2990 l.
1235 2938 1279 2991 ³2.
1298 2955 1358 2994 aero
1378 2951 1503 2998 tractatur
1526 2965 1621 3018 casus,
1646 2951 1691 3005 ubi
1719 2951 1867 3015 domininus

1033 3018 1153 3073 haeredis
1171 3039 1224 3076 nun
1244 3021 1341 3078 natan
1368 3023 1464 3081 inerat.
1490 3027 1557 3083 liam
1584 3033 1748 3104 dependebat
1773 3036 1864 3094 lirros-

1034 3115 1151 3160 mentum
1171 3107 1325 3162 donationis
1343 3126 1375 3163 es
1395 3123 1483 3166 morte
1507 3111 1651 3171 donantis.
1682 3121 1739 3190 Qua
1773 3124 1864 3178 subse·

1033 3203 1144 3261 quente,
1159 3191 1221 3262 qnia
1239 3192 1389 3249 dominium
1409 3197 1506 3252 recedit
1523 3214 1556 3251 ex
1575 3199 1652 3254 bonis
1665 3205 1718 3272 lam
1732 3203 1864 3274 defuncti,

1033 3273 1215 3328 haereditariis
1232 3277 1312 3331 rebus
1337 3280 1470 3335 accenseri
1499 3299 1551 3334 nou
1580 3285 1695 3354 poterit;
1723 3289 1865 3348 defunctus

1035 3357 1109 3410 enirn
1128 3359 1156 3410 id
1176 3359 1270 3426 noluit,
1291 3361 1353 3430 quia
1373 3363 1524 3431 donauerat,
1546 3383 1594 3418 neo
1612 3367 1702 3438 ipsuru
1726 3373 1808 3428 subiit
1827 3373 1871 3428 du·

1035 3443 1150 3497 nationis
1169 3445 1352 3515 poenitentis.
1371 3449 1503 3518 Quoniam
1528 3462 1662 3522 praeterea
1689 3461 1787 3526 corajnx
1813 3461 1865 3528 jam

1035 3528 1181 3580 tradideret
1200 3545 1255 3582 rem
1276 3530 1401 3584 donatam
1422 3535 1572 3588 intentione
1590 3537 1739 3592 dominium
1757 3542 1867 3595 transle-

1035 3612 1127 3676 reudi,
1146 3629 1195 3664 nnc
1213 3613 1284 3665 aliud
1305 3615 1413 3669 ulterius
1436 3618 1636 3686 requirebatur,
1661 3639 1739 3692 quarn
1772 3625 1864 3680 solust-

1033 3697 1091 3750 tstis
1110 3701 1323 3770 perseuerantis.
1349 3703 1408 3755 Hac
1435 3715 1523 3756 morte
1546 3706 1703 3777 praestita,
1731 3709 1870 3782 seqnitur,

1034 3781 1073 3834 nti
1094 3799 1146 3835 uun
1163 3802 1229 3853 opus
1247 3797 1302 3847 est,
1322 3795 1351 3838 nt
1366 3789 1407 3854 jus
1428 3787 1523 3858 ipsum
1545 3789 1694 3860 quidquam
1723 3791 1756 3844 ad
1783 3791 1868 3846 domi·

1035 3867 1111 3918 ulum
1136 3867 1350 3922 transferendum
1387 3869 1582 3934 contribueret,
1620 3873 1654 3926 lta
1686 3889 1733 3925 nec
1765 3891 1873 3930 censen·

1034 3950 1122 4018 dum,
1144 3956 1252 4021 operam
1272 3969 1345 4006 snam
1363 3958 1530 4025 praestitisse
1547 3965 1627 4008 extra
1648 3959 1837 4013 necessitatem.

1072 4043 1093 4100 §.
1107 4037 1181 4091 lllll.
1197 4037 1307 4091 Mernlr.
1323 4041 1349 4092 l.
1361 4048 1423 4093 sect.
1437 4040 1463 4092 2.
1476 4043 1498 4102 §.⁴
1519 4041 1562 4092 tn.
1586 4041 1665 4094 relata
1686 4051 1725 4096 est
1743 4043 1869 4114 quaestio,

1035 4139 1069 4175 su
1081 4123 1135 4175 sian
1150 4138 1275 4175 exercens
1289 4137 1348 4192 erga
1367 4121 1511 4176 debitorem
1535 4124 1596 4194 ipsu
1615 4127 1678 4194 jure
1696 4129 1825 4182 actionem
1846 4150 1870 4180 n·

1037 4208 1140 4272 mittat,
1154 4227 1185 4259 an
1198 4225 1264 4278 opus
1278 4209 1314 4262 sit
1329 4209 1480 4263 sententia?
1492 4209 1548 4262 Neo
1573 4211 1765 4267 inconseniens
1783 4213 1870 4290 eidem

1038 4291 1108 4345 dictu
1122 4301 1183 4345 sect.
1197 4292 1281 4354 lucus,
1296 4293 1316 4344 ai
1332 4293 1515 4347 consideratur
1530 4297 1690 4346 sententiam
1703 4295 1801 4364 judicis
1811 4315 1871 4351 cau·

1039 4393 1094 4429 sam
1110 4393 1184 4441 esse,
1196 4385 1224 4428 nt
1239 4376 1354 4430 creditur
1368 4379 1407 4444 jus
1421 4377 1559 4446 personale
1574 4377 1628 4429 sibi
1642 4377 1806 4432 debitnmub
1817 4379 1869 4434 rim

1039 4461 1185 4514 exercitam
1201 4461 1334 4527 ,amittst
1348 4465 1380 4512 at
1402 4459 1424 4511 ei
1445 4469 1596 4530 reputatur,
1617 4460 1753 4514 dominnm
1773 4481 1873 4534 qnoque

1039 4547 1073 4598 ob
1085 4547 1135 4597 aian
1150 4545 1254 4596 illatam
1271 4543 1392 4597 duaninin
1406 4543 1497 4596 cadere
1513 4543 1550 4595 rei
1566 4544 1664 4596 ablatae
1678 4543 1696 4595 l.
1715 4545 1739 4596 7.
1759 4563 1781 4598 c.
1801 4548 1873 4600 unde

1039 4629 1071 4680 vi
1094 4626 1190 4680 iactum
1218 4627 1370 4679 sirdicsntia
1393 4627 1506 4680 dominii
1532 4627 1651 4682 translati
1678 4644 1780 4681 cau-aua
1799 4647 1870 4694 esse,
1955 4659 1958 4666 ·

1039 4729 1116 4781 quam
1132 4713 1280 4783 proximam
1295 4711 1359 4764 silas
1371 4713 1519 4780 appellant,
1531 4710 1699 4782 quaestionis
1719 4711 1795 4764 istius
1814 4711 1870 4767 alis·

1038 4798 1125 4847 cuseio
1137 4796 1247 4848 sectioni
1262 4799 1393 4864 praesenti
1410 4795 1530 4847 debetur.

1076 4893 1095 4946 ς.
1114 4881 1184 4932 xlv.
1203 4879 1245 4932 Ob
1261 4881 1394 4948 impensas
1414 4876 1602 4940 necessarius,
1622 4881 1682 4944 (ese
1700 4889 1759 4933 snut
1776 4875 1871 4948 quibus

1040 4979 1091 5014 uun
1105 4961 1180 5015 iactis
1192 4961 1239 5014 dus
1252 4961 1412 5014 diminuitur
1429 4961 1446 5014 l.
1468 4961 1510 5013 ll.
1519 4959 1561 5032 Ι
1581 4961 1613 5016 de
1634 4963 1760 5028 r‘rrtperasr's
1778 4963 1806 5014 in
1827 4979 1870 5015 res

1038 5045 1191 5117 dotsnct.)
1202 5045 1290 5098 dotem
1306 5045 1390 5097 aninni
1407 5045 1466 5115 ipso
1479 5048 1537 5112 jnrc
1549 5046 1567 5098 i.
1582 5045 1607 5096 ii.
1611 5043 1654 5112 Ι
1668 5045 1700 5101 de
1712 5047 1801 5117 pactis
1813 5045 1871 5097 dot.

1041 5133 1059 5184 l.
1073 5135 1097 5184 l.
1110 5128 1133 5202 5.
1148 5131 1172 5183 l.
1186 5131 1204 5182 l.
1222 5130 1245 5181 2.
1257 5148 1300 5200 pr.
1316 5130 1335 5181 l.
1348 5129 1372 5180 il.
1377 5127 1418 5198 Ι
1433 5131 1464 5181 de
1475 5128 1537 5183 dote
1548 5132 1713 5199 praelegatu.
1724 5129 1741 5179 l.
1752 5129 1794 5182 tt.
1805 5125 1830 5200 5.
1844 5131 1868 5181 3.
1891 5181 1896 5188 ,

1041 5215 1144 5287 dejure
1157 5215 1211 5266 eloi·
1224 5214 1242 5265 l.
1259 5214 1282 5264 ii.
1294 5230 1334 5281 pr.
1350 5223 1376 5265 et
1386 5213 1403 5264 l.
1421 5214 1448 5266 ’7.
1461 5210 1483 5284 5.
1501 5215 1524 5264 l.
1531 5211 1574 5280 Ι.
1586 5211 1619 5264 de
1632 5211 1760 5279 impensis
1778 5213 1808 5265 t'rr
1829 5231 1871 5266 res

1040 5301 1123 5354 dutul.
1143 5309 1193 5352 etc.
1210 5299 1232 5364 ς.
1249 5297 1323 5370 37.]’.
1338 5295 1371 5350 sle
1382 5297 1483 5348 action.
1506 5295 1617 5348 elicitur.
1632 5296 1684 5348 Sed
1702 5305 1767 5365 quot
1784 5295 1870 5364 leges,

1043 5395 1081 5438 tot
1100 5382 1183 5436 lermc
1203 5381 1369 5434 nascentium
1390 5379 1598 5434 antinomiarum
1619 5395 1719 5430 oausse.
1738 5377 1872 5429 Hactenus

1042 5486 1104 5538 ergo
1122 5467 1243 5520 Juoulus
1260 5465 1429 5518 Mnestertius
1444 5463 1601 5518 tractaturis
1619 5459 1748 5530 impensis
1765 5459 1794 5513 in
1813 5479 1870 5514 rem

1042 5554 1163 5609 alienum
1175 5549 1264 5616 factis.
1277 5560 1376 5618 praeest.
1392 5550 1417 5600 ii.
1431 5548 1537 5600 erurlite
1551 5545 1617 5599 milti
1627 5543 1728 5600 ridetur
1736 5555 1867 5614 quaestus,

1041 5639 1102 5711 quis
1116 5641 1219 5709 regulae
1232 5637 1310 5690 istius
1324 5649 1414 5688 sensus
1428 5633 1473 5696 sit,
1489 5649 1555 5702 quae
1566 5633 1622 5696 ris,
1637 5627 1714 5684 susle
1725 5627 1870 5700 quaesitis·
