4454 6214
393 293 447 346 619
958 275 1334 336 ΒΙ61111ΗΤ10
1371 281 1402 336 tt.
1915 275 1976 330 ¹82)

343 403 426 456 neque
445 384 561 440 ttetnau
581 399 665 453 neque
683 377 973 444 tanamtausootu,
985 377 1156 432 deratiocin.
1209 375 1316 427 mribus
1334 379 1392 444 jure
1409 373 1570 448 lttstlniauoo
1587 393 1640 432 uon
1660 375 1770 452 decisis,
1787 373 1820 430 ael
1839 371 2024 429 ooeettasleu

340 488 365 524 c·
384 470 428 524 11.
445 490 474 524 ιι.
493 471 534 522 ll).
553 479 580 522 et
596 482 741 538 remquam
762 463 978 533 materiatn,qua
998 462 1098 516 ratione
1110 479 1155 514 ne·
1208 459 1251 510 nis
1275 463 1374 513 recurri
1401 479 1491 532 posse,
1510 479 1562 515 non
1582 459 1748 515 ‹tttuteantne
1775 459 1900 514 doctores.
1924 459 2024 511 Mattb.

340 555 444 608 cessitas
461 554 545 622 legum
557 551 672 605 uinculis
689 549 803 616 aliquem
822 546 939 611 enimet,
952 546 1073 614 pluribus
1091 563 1154 615 per·
1211 539 1338 610 Stephon.
1355 546 1393 598 ud
1408 545 1502 601 novell.
1519 563 1624 616 proem.
1643 564 1670 597 ιι.
1689 545 1730 596 19.
1759 543 1866 598 brtbur.
1886 542 1971 594 Ducit.
1989 543 2022 596 de

342 637 461 706 sequitur
477 637 564 688 Mane.
576 632 604 686 in
624 641 702 686 tract.
722 631 755 682 de
772 627 882 697 special·
898 627 968 696 iuris
986 646 1048 680 uoce
1066 642 1156 680 neees-
1205 625 1363 678 aaetoetuu
1372 628 1430 703 jur.
1441 630 1489 681 cic.
1500 627 1546 681 lid.
1562 629 1586 679 1.
1602 645 1625 682 c.
1645 629 1670 683 5.
1688 630 1710 695 ς.
1724 627 1749 678 t.
1769 626 1859 697 elafio.
1872 625 1962 694 Cujeu.
1976 625 2023 679 lii.

339 723 417 772 situs.
439 717 565 787 Quamvis
588 733 649 784 ergo
674 712 790 785 praecise
816 711 992 780 septenarium
1017 727 1153 762 nnmerum
1210 707 1252 756 l'l·
1271 709 1326 760 ode.
1347 711 1389 763 ttt.
1406 715 1465 764 dem
1485 729 1548 765 nero
1564 712 1621 778 jure
1639 710 1799 781 justinianeo
1817 710 1850 762 de
1868 717 2023 762 testamento

341 804 446 870 exigant
464 803 534 868 leges
552 801 583 854 ad
603 807 802 858 testamentum}
821 805 972 864 supponunt
990 805 1075 846 tumen
1095 793 1154 846 sine
1208 789 1235 842 iu
1256 790 1352 846 itinere
1370 794 1488 847 conlecto
1513 795 1554 846 nil
1570 796 1717 863 'quicquam
1739 793 1873 856 decisum,
1892 791 1961 845 unde
1980 793 2020 846 illl

340 883 422 936 dubio
446 901 552 947 casum,
578 882 623 934 ubi
649 897 695 950 per
720 895 807 933 rernm
833 888 952 929 naturam
973 878 1099 946 possibile
1115 889 1153 930 eat
1207 874 1491 940 norcllae,acoedente
1504 876 1637 931 communi
1652 877 1828 947 interpretum
1840 875 1938 940 ecbola,
1949 885 2020 929 stan·

341 976 379 1021 tot
398 978 478 1020 testes
495 982 648 1027 consonaret
666 964 725 1032 quis
743 961 814 1014 enim
834 961 934 1013 diceret
950 961 982 1012 ad
1002 979 1088 1014 casnm
1103 960 1154 1012 im·
1206 957 1267 1008 datm
1288 961 1399 1013 omuino
1416 961 1525 1014 ridetur.

338 1053 495 1120 possibilem
514 1051 689 1120 legislatorem
715 1047 831 1114 obligare
854 1045 969 1099 relisisse
989 1046 1074 1110 cives,
1092 1063 1151 1096 oum
1243 1041 1285 1092 ³2.
1311 1041 1360 1110 (6.)
1384 1045 1460 1098 Fecit
1490 1045 1540 1096 buc
1569 1059 1666 1114 porro,
1690 1052 1718 1096 et
1746 1042 1853 1114 quidem
1879 1044 2018 1114 praecipue
2036 1044 2071 1104 61

342 1134 548 1205 impossibilium
568 1133 605 1185 sit
622 1131 692 1182 nulla
715 1129 857 1197 obligatio,
876 1146 898 1182 u.
923 1145 1000 1180 nemo
1018 1137 1107 1198 potest
1126 1131 1152 1179 6.
1207 1137 1254 1189 tlte
1273 1123 1378 1176 illorum
1397 1125 1537 1194 opinione,
1559 1125 1605 1194 qui
1630 1126 1748 1195 quinque
1773 1135 1852 1178 testes
1872 1127 1900 1179 to
1919 1125 2019 1180 itinere

339 1218 374 1269 de
392 1235 414 1270 r.
425 1218 450 1288 j
471 1217 500 1268 in
520 1219 574 1269 (ito.
594 1214 612 1266 1.
631 1211 834 1284 impossibilium
855 1212 915 1262 185.
924 1211 966 1281 Ι
984 1212 1017 1263 de
1033 1227 1055 1264 r.
1066 1212 1093 1282 j.
1205 1207 1315 1275 exigunt
1332 1211 1350 1262 1.
1369 1212 1417 1265 ult.
1435 1227 1457 1264 e·
1476 1210 1509 1263 de
1530 1219 1635 1265 tertam.
1654 1211 1698 1264 nbi
1718 1211 1926 1266 domationem
1947 1223 2022 1268 1032..

286 1283 322 1341 21
375 1297 418 1352 28,
438 1299 489 1369 (2.)
508 1301 577 1352 Huic
596 1298 690 1348 rutioni
710 1313 741 1349 ea
761 1295 917 1347 necessitate
934 1307 957 1348 et
976 1286 1150 1364 impossibili.
1209 1302 1296 1345 mento
1313 1295 1417 1362 agitur,
1430 1305 1456 1348 et
1475 1295 1541 1347 illud
1560 1301 1651 1349 coram'
1665 1295 1782 1365 quinque
1800 1296 1911 1350 testibus
1930 1297 2019 1354 cortis·

341 1394 395 1438 tata
413 1381 552 1446 deductae,
572 1379 724 1449 suffragatur
743 1396 860 1432 summus
879 1388 1094 1432 testamentorum
1114 1379 1150 1432 la·
1204 1381 1293 1440 olunt,
1314 1393 1361 1444 pro
1381 1378 1466 1430 valido
1485 1377 1769 1447 pronunciatur.de
1788 1394 1849 1446 ergo
1867 1395 2018 1434 concessum

339 1485 399 1534 νοις
413 1467 511 1537 quippo
530 1466 598 1517 liber
618 1465 694 1531 hujus
713 1463 821 1515 ultimae
840 1462 982 1516 voluntatis
1001 1463 1078 1514 debet
1095 1480 1151 1518 esse
1206 1458 1318 1522 11111110,
1339 1459 1403 1510 tttnt
1422 1459 1502 1512 etiam
1523 1461 1717 1513 concedentium
1737 1459 1794 1512 ruri
1814 1464 1854 1515 rel
1872 1461 1901 1513 in
1920 1464 2019 1519 itinere

341 1553 438 1623 stylus,
457 1568 505 1602 nen
524 1545 738 1620 impediendum,
757 1545 824 1615 quod
850 1563 903 1598 non
922 1545 991 1597 redit
1010 1547 1150 1600 arbitrium
1205 1553 1250 1588 teu
1268 1539 1308 1592 ria
1335 1541 1363 1593 in
1391 1545 1511 1598 morbum
1531 1544 1671 1597 incidenti.
1694 1545 1779 1614 Quam
1803 1545 1938 1616 paritatem
1962 1553 2019 1617 jure

340 1637 358 1686 1.
380 1639 405 1686 1.
426 1653 448 1687 u·
467 1634 500 1686 de
516 1647 619 1685 oneror.
639 1631 731 1683 eccles.
748 1630 829 1681 Unde
847 1628 876 1679 in
894 1627 974 1680 dubio
993 1645 1040 1698 pro
1059 1633 1150 1684 ultima
1203 1621 1362 1685 justinianeo
1380 1627 1513 1680 inductum
1532 1645 1603 1691 esee,
1624 1628 1710 1681 innuit
1728 1628 1786 1697 ipse
1802 1631 1948 1699 imperetur
1966 1633 2016 1690 Leo

337 1721 471 1774 uoluntate
496 1715 730 1787 pronunciandum.
756 1711 825 1764 vide
855 1729 920 1780 quae
950 1713 1047 1766 adduxi
1074 1731 1150 1786 cupra
1203 1705 1231 1756 in
1249 1706 1274 1756 d·
1286 1727 1353 1766 nov.
1366 1709 1410 1761 tt.
1422 1715 1453 1763 in
1467 1714 1533 1764 med.
1545 1713 1589 1764 ubi
1604 1711 1637 1765 ed
1649 1713 1808 1766 sanctionem
1829 1717 2015 1784 justinianam

337 1802 417 1875 posit.
445 1805 483 1855 II.
504 1799 626 1869 lniquum
646 1815 708 1865 ergo
733 1794 816 1858 iuret,
834 1797 905 1862 ejus,
923 1795 966 1864 qui
986 1814 1045 1848 cum
1066 1803 1151 1853 testari
1204 1789 1231 1840 itt
1250 1791 1274 1842 d.
1293 1793 1311 1845 1.
1329 1795 1377 1846 ult.
1390 1813 1412 1848 c.
1427 1795 1460 1849 de
1472 1805 1575 1850 testem.
1590 1813 1749 1866 provocans,
1767 1798 1845 1862 dicit,
1864 1817 1894 1853 eo
1913 1803 1969 1870 jun-0
1988 1806 2017 1858 tn

340 1884 457 1947 nolebat,
476 1881 553 1934 aliter
573 1895 727 1948 veroquam
748 1876 849 1930 duobus
868 1879 977 1930 testibus
995 1895 1047 1931 nun
1073 1893 1148 1949 pute·
1203 1873 1275 1941 egris
1294 1887 1320 1929 et
1338 1876 1479 1931 itineribus
1504 1880 1621 1949 quinque
1646 1890 1725 1935 testes
1748 1884 1859 1952 requiri.
1884 1885 2014 1954 Quorsum

336 1977 391 2032 rat,
406 1965 527 2017 ultimum
548 1962 659 2032 elogium
680 1961 853 2032 pronunciare
867 1961 1098 2025 invaliduchum
1114 1976 1149 2018 ιι.
1204 1955 1279 2021 lacit,
1296 1961 1365 2029 quod
1385 1961 1489 2014 taudem
1508 1979 1594 2016 eoram
1612 1964 1735 2032 quinario
1748 1967 1851 2019 testium
1871 1985 2017 2030 numeroet

336 2068 396 2104 mon
416 2049 519 2120 publice
537 2047 673 2116 expediat,
693 2061 814 2114 stuprema
835 2044 971 2096 bominum
990 2046 1086 2112 judicia
1106 2049 1149 2101 ba·
1202 2041 1286 2108 ltgtlt
1303 2057 1329 2098 et
1347 2043 1549 2100 fideicommissa
1567 2047 1681 2117 relinqui
1700 2049 1818 2118 possint,
1832 2067 1880 2122 pet·
1897 2052 1945 2123 leg.
1967 2057 2012 2110 ult.

336 2137 398 2186 bere
415 2135 533 2195 exitum,
552 2131 569 2181 1.
589 2129 630 2183 uei
647 2145 755 2196 negare.
775 2127 801 2177 6.
816 2125 853 2194 Ι.
870 2138 976 2181 testam.
995 2134 1149 2201 quemodm.
1203 2141 1226 2178 c·
1244 2126 1277 2180 de
1293 2127 1409 2182 codicill.

334 2235 407 2288 oper.
426 2215 503 2268 Unde
521 2222 626 2284 praetor
645 2213 736 2264 eadem
757 2219 852 2263 tuetur.
871 2210 888 2262 l.
902 2214 927 2264 1.
943 2211 1035 2280 pmff.
1053 2214 1148 2282 siquis
1239 2211 1283 2263 ³3·
1300 2215 1360 2265 dam
1377 2213 1446 2283 qnod
1471 2215 1569 2270 attinet
1591 2214 1762 2270 luctamenta
1786 2226 1891 2271 nostrae
1910 2232 2014 2278 senten·
2033 2228 2069 2280 35

330 2301 430 2360 ,ornirn
448 2315 520 2352 eous.
537 2307 641 2351 testam.
1131 2329 1140 2349 t
1205 2295 1270 2360 tiae,
1290 2297 1393 2352 scilicet
1416 2309 1600 2354 testamentum
1628 2301 1655 2352 in
1676 2301 1777 2356 itinere
1794 2303 1943 2358 conlectum
1963 2321 2019 2362 non·

281 2393 315 2444 ³0
369 2384 421 2456 (³.)
438 2383 511 2438 Facit
531 2400 563 2436 eo
583 2379 731 2452 exemplum
745 2395 776 2431 ea
789 2377 1055 2448 militiatleductom,
1071 2387 1148 2457 quip.
1203 2383 1302 2446 valere,
1320 2385 1373 2437 nisi
1392 2383 1511 2440 adhibito
1535 2383 1681 2456 septenario
1702 2385 1807 2439 testium
1834 2403 1950 2443 numero.
1969 2395 2015 2457 (t.)
2034 2407 2070 2458 30

334 2486 367 2540 pe
385 2478 493 2534 nolum,
512 2466 580 2536 quod
601 2463 732 2518 mililibsst
750 2463 784 2515 011
803 2464 979 2518 neoettiltleut
1000 2476 1026 2518 et
1046 2469 1149 2538 pericu·
1203 2465 1397 2534 Supponimns,
1412 2465 1524 2520 l'ormam
1538 2478 1748 2522 tentamentorum
1762 2485 1813 2521 nou
1832 2485 1865 2520 ex
1883 2487 1958 2539 casn,
1971 2484 2016 2528 ant

333 2553 419 2604 lurum
441 2548 656 2612 imminentiam,
684 2563 731 2616 pru
753 2545 839 2599 lubitu
868 2549 957 2600 testari
989 2552 1147 2618 permissum
1203 2548 1437 2616 necessitate,-aut
1460 2550 1571 2604 arbitrio
1596 2549 1741 2613 testatoris,
1761 2549 1807 2603 sed
1834 2567 1866 2604 ex
1885 2553 1952 2623 legis
1971 2557 2014 2609 di.

334 2635 385 2702 sit,
404 2649 566 2706 quocumque
585 2633 642 2684 scil}
660 2630 739 2684 modo
757 2631 859 2700 possint
878 2641 905 2684 et
925 2632 1021 2699 rellut,
1041 2647 1089 2688 tot.
1108 2638 1147 2690 tit.
1202 2634 1345 2704 spositione
1363 2634 1524 2705 dependere,
1543 2653 1610 2705 qnae
1633 2636 1698 2690 adeo
1722 2635 1882 2690 adamussim
1908 2654 2013 2695 meran·

331 2717 363 2786 ff
380 2728 407 2772 et
423 2720 482 2772 cod.
501 2718 534 2769 de
551 2726 658 2770 testam.
676 2711 753 2764 milit.
779 2713 828 2766 uid·
849 2729 920 2784 stipe.
942 2716 1020 2783 posit.
1044 2719 1092 2772 VI.
1110 2719 1142 2775 Et
1204 2717 1252 2782 da,
1270 2726 1301 2770 ot
1319 2734 1396 2770 nemo
1414 2719 1443 2770 in
1464 2735 1510 2771 suo
1530 2729 1685 2774 testamento
1710 2717 1796 2773 iacere
1812 2721 1912 2791 possit,
1932 2735 1960 2779 ut
1977 2729 2014 2781 lo.

334 2803 454 2874 quamris
472 2799 593 2854 dd.satis
612 2797 868 2866 subollacient,jnra
888 2799 1030 2866 singularia
1050 2801 1147 2855 militi·
1200 2798 1290 2867 gesiu
1308 2798 1399 2854 eudem
1417 2816 1471 2854 non
1489 2801 1592 2856 valeant
1609 2802 1627 2855 1.
1645 2821 1725 2856 nemo
1751 2805 1794 2856 1111.
1803 2803 1845 2874 Ι
1866 2807 1900 2862 de
1917 2809 1967 2880 leg.
1988 2817 2011 2868 1.

332 2888 382 2940 bus
401 2887 505 2940 indulta
523 2901 577 2936 non
599 2881 724 2934 trahenda
748 2897 804 2934 essa
828 2881 860 2931 ad
885 2883 1109 2951 consequentiam.
1129 2887 1147 2938 1.
1200 2885 1259 2936 lam
1279 2899 1341 2936 sero
1364 2883 1464 2951 legibus
1489 2884 1552 2938 baec
1578 2887 1740 2957 praescripta
1765 2887 1863 2956 lorma,
1888 2902 1916 2946 nt
1936 2905 2014 2950 tosta·

332 2971 374 3023 tt.
395 2980 421 3025 et
441 2971 484 3021 15.
499 2965 531 3036 Ι.
545 2967 577 3020 de
594 2965 670 3036 legib.
683 2967 717 3018 ad
736 2963 802 3016 illud
821 2975 967 3026 recurrunt,
982 2965 1049 3033 quod
1069 2968 1146 3018 etiam
1202 2976 1318 3020 mentum
1337 2985 1388 3019 non
1406 2969 1483 3021 aliter
1501 2970 1601 3035 valeat,
1616 2968 1668 3023 nisi
1687 2980 1789 3041 septem
1809 2973 1919 3030 testibus
1936 2979 2014 3032 adbi-

331 3071 384 3106 nou
405 3051 585 3106 militantibus
603 3051 658 3103 sire
675 3047 783 3120 paganis
803 3049 873 3101 idom
893 3047 1064 3118 privilegium
1086 3049 1145 3103 sine
1200 3050 1279 3114 bitis,
1291 3050 1370 3117 adeo,
1389 3062 1416 3105 ut
1437 3069 1490 3104 unu
1506 3053 1607 3108 omisso
1624 3065 1728 3108 corruat
1746 3065 1932 3114 testamentum
1951 3064 1969 3116 1.
1987 3067 2014 3118 η·

333 3136 500 3188 solemnitate
520 3131 630 3187 testandi
650 3131 823 3194 concedatur,
838 3131 860 3182 ai
880 3131 907 3182 in
926 3130 1025 3184 hostico
1043 3135 1148 3201 degant.
1201 3151 1271 3188 caune
1291 3136 1333 3186 11.
1351 3153 1374 3188 o.
1392 3135 1426 3190 de
1442 3144 1550 3190 tearum.
1568 3135 1634 3189 Cum
1657 3155 1719 3207 ergo
1735 3139 1778 3192 lex
1796 3143 1894 3196 nullibi
1912 3145 1945 3197 ab
1965 3149 2012 3204 bno

280 3237 314 3288 31
331 3238 383 3290 per
399 3221 418 3271 t.
436 3219 484 3274 nlt.
492 3215 534 3286 Ι.
553 3217 586 3270 de
604 3227 709 3269 testum.
727 3215 804 3266 milit.
818 3215 893 3282 Qttod
906 3231 969 3282 ergo
987 3215 1030 3268 bia
1048 3217 1082 3270 ub
1100 3234 1145 3270 ne·
1200 3219 1370 3287 generalitate
1388 3221 1522 3290 exceperit
1547 3229 1728 3275 testamentum
1751 3225 1781 3277 in
1805 3225 1901 3280 itinere
1924 3232 2013 3286 eonle·

334 3303 484 3356 cessitatem
497 3301 643 3364 indultum,
657 3315 704 3352 cur
722 3297 792 3350 idean
811 3315 864 3350 nou
884 3297 983 3368 pariter
1000 3297 1029 3350 iu
1049 3299 1146 3354 itinere
1199 3315 1286 3370 ctum,
1305 3303 1372 3357 citra
1391 3304 1474 3374 legem
1491 3303 1593 3372 aliquid
1611 3321 1726 3359 asserere
1743 3309 1929 3376 jurisconsulto
1949 3333 2011 3369 ern·

333 3385 486 3441 constitutis
506 3383 693 3454 indulgendum
712 3393 796 3446 esset,
813 3381 860 3450 qui
885 3381 976 3432 eadem
994 3382 1145 3439 necessitate
1199 3387 1357 3444 bacandum
1377 3395 1431 3452 ιιι,
1452 3404 1500 3457 μι-
1517 3389 1613 3442 novell,
1635 3390 1677 3441 10,
1696 3407 1757 3460 ΜΡ,
1776 3392 1802 3446 3,

332 3480 503 3539 premuntur,
518 3469 592 3520 etita
613 3483 659 3537 per
677 3465 891 3533 consequentiam
911 3466 1002 3516 eodem
1021 3467 1087 3534 jarria
1101 3467 1144 3522 be·
1237 3471 1280 3524 31.
1305 3471 1356 3541 (2.)
1380 3470 1469 3524 Altera
1490 3473 1557 3524 ratio
1582 3471 1647 3526 hnec
1668 3484 1724 3540 est,
1749 3477 1811 3546 quia
1836 3493 1959 3549 expresse
1981 3485 2009 3538 iu
2031 3489 2067 3540 67

330 3550 444 3616 nelicio,
462 3550 496 3604 ob
516 3550 678 3605 identitatem
698 3547 808 3602 rationis
832 3546 905 3616 digni
926 3547 1063 3612 ridentur,
1081 3568 1145 3620 quae
1198 3556 1256 3623 jure
1273 3553 1454 3624 prohibitum,
1467 3570 1500 3606 ne
1519 3571 1603 3608 coram
1615 3557 1722 3610 minori
1744 3575 1822 3628 quam
1841 3565 1961 3631 quinario
1975 3575 2012 3621 te-

332 3637 464 3690 extensira
485 3633 667 3704 interpretatio
680 3631 819 3703 praecipue
837 3631 865 3683 in
886 3630 987 3686 ultimis
1002 3634 1145 3688 voluntati·
1199 3637 1278 3690 stium
1299 3652 1407 3690 numem
1425 3633 1582 3690 conficiatur
1601 3647 1798 3708 testamentum,
1816 3663 1868 3716 per
1884 3647 1902 3700 1.
1910 3648 1969 3718 fin.
1987 3669 2009 3704 ι,
2064 3691 2066 3696 ,

329 3721 378 3774 bue
397 3717 566 3772 admittenda.
586 3733 639 3786 arg.
657 3717 675 3768 1.
695 3716 738 3768 12.
752 3713 796 3784 Ι.
813 3711 847 3768 de
872 3731 896 3765 r·
914 3714 939 3783 1'.
958 3726 984 3768 et
1002 3716 1053 3770 hoc
1071 3734 1145 3788 orgu-
1200 3721 1233 3772 de
1249 3729 1352 3774 testam.
1366 3719 1417 3773 ubi
1436 3721 1541 3775 rusticis
1559 3723 1593 3774 ob
1612 3723 1732 3794 inopiam
1759 3730 1864 3781 testium
1884 3724 2010 3786 ¹concedi.

333 3816 449 3858 mentum
468 3803 583 3855 maxime
596 3809 704 3870 urgent,
717 3799 739 3851 si
753 3797 987 3852 denotioniscausa
999 3814 1144 3872 susceptum
1199 3816 1254 3870 tue,
1269 3814 1396 3859 uteorum
1413 3806 1532 3876 quinque
1548 3807 1662 3861 testibus
1682 3819 1863 3868 tentamentum
1883 3819 2012 3886 condant,

334 3893 398 3954 iter,
416 3900 445 3942 111
464 3905 541 3959 1111111
560 3886 592 3939 *d
610 3888 632 3952 §-
651 3883 696 3936 11·
713 3881 866 3937 1111111111·
1199 3888 1245 3943 sed
1264 3889 1363 3942 diserte
1380 3887 1535 3958 subjicitor:
1549 3889 1637 3944 minus
1650 3902 1740 3946 nutem
1755 3895 1924 3952 nullomodo
1943 3919 2010 3955 eon.

280 3979 316 4029 22
370 3975 412 4024 3⁰·
429 3970 482 4040 (1)
501 3969 597 4024 Simile
620 3976 802 4037 argumentum
830 3965 922 4020 deduci
949 3977 1036 4038 potest
1053 3987 1085 4022 ex
1106 3979 1144 4024 ta·
1197 3972 1323 4026 cedimus.
1337 3971 1405 4041 Ergo
1422 3971 1489 4041 quud
1510 3972 1583 4026 nullo
1607 3973 1687 4028 modo
1709 3977 1816 4030 rusticis
1834 3981 2010 4047 permissum,

331 4064 459 4108 atamento
479 4053 561 4124 pestis
579 4063 694 4121 tempore
712 4051 834 4114 condito,
854 4051 922 4120 quod
942 4052 1059 4104 moribus
1076 4054 1144 4107 Ger·
1196 4053 1298 4107 etiarnsi
1317 4057 1419 4124 aequali
1439 4053 1547 4108 testium
1568 4059 1679 4126 penurie
1696 4071 1865 4128 premantur,
1882 4081 1962 4132 quare
1981 4066 2008 4118 id

332 4141 434 4194 maniae
452 4135 642 4191 universalibus
660 4151 746 4187 curam
764 4133 864 4186 duobus
877 4133 984 4187 testibus
996 4133 1143 4202 conditum,
1197 4141 1249 4190 iter
1266 4137 1425 4191 iacientibus
1442 4138 1636 4192 concedendum
1647 4139 1730 4206 iuret,
1742 4143 1786 4214 qui
1801 4162 1853 4198 non
1872 4148 2008 4217 melioris,

332 4223 522 4299 pronunciatur
540 4221 674 4281 astitum,
693 4219 793 4287 dequo
819 4214 877 4272 dixi
901 4233 979 4286 supra
996 4220 1077 4284 posit.
1098 4220 1143 4270 ttt.
1196 4238 1273 4292 quam
1292 4221 1384 4273 rustici
1404 4237 1462 4274 esse
1480 4233 1587 4290 possum
1605 4223 1775 4278 conditionis.

335 4313 398 4380 Ejus
421 4325 481 4363 reru
504 4305 573 4359 ratio
597 4305 668 4358 nulla
692 4302 743 4354 alia
754 4337 756 4342 -
767 4310 822 4365 est,
839 4317 917 4370 qoam
937 4299 1007 4367 quud
1028 4308 1143 4370 tempore
1233 4306 1277 4357 35.
1295 4305 1345 4374 (3.)
1363 4303 1435 4359 Facit
1451 4302 1502 4357 buo
1520 4315 1703 4373 argumentum
1728 4323 1763 4359 er
1780 4323 1822 4375 pr.
1837 4308 1860 4377 7⁸.
1876 4310 1909 4364 de
1924 4311 2007 4368 ωιιιι,
2028 4315 2064 4366 33

332 4394 418 4466 poetis
436 4409 529 4460 magna
553 4388 661 4442 testium
686 4385 774 4454 iuopia
800 4384 888 4447 adsit,
911 4399 978 4451 quae
998 4382 1066 4435 ratio
1083 4402 1142 4437 cum
1197 4389 1358 4456 derivatum,
1378 4389 1424 4443 nbi
1442 4405 1502 4444 eum
1520 4391 1555 4445 ob
1575 4407 1681 4461 magnas
1702 4403 1729 4447 et
1752 4395 1841 4461 longas
1859 4399 2009 4466 peregrina·

333 4480 413 4530 etiem
433 4477 461 4528 io
482 4475 578 4527 itinere
596 4472 710 4533 militet,
727 4485 774 4522 cor
794 4485 848 4521 non
868 4466 958 4521 eadem
979 4467 1092 4520 testandi
1110 4471 1144 4528 ii·
1200 4477 1285 4530 tiones
1302 4491 1378 4544 saepe
1395 4475 1512 4539 eveniat,
1526 4484 1555 4528 ut
1573 4475 1633 4546 quis
1650 4488 1830 4531 testamcutum
1851 4479 1937 4535 iacere
1955 4503 2009 4538 noo

334 4555 669 4620 111111111111011111111
688 4553 854 4622 indulgenda.
1061 4591 1062 4596 =
1199 4559 1296 4631 possit,
1314 4556 1495 4611 codicillorum
1518 4574 1579 4611 usus
1607 4559 1778 4615 introductus.
1803 4564 1832 4615 tt
1855 4581 1915 4619 sero
1933 4569 2008 4621 cotti.

278 4657 313 4708 33
367 4647 411 4699 31..
429 4643 478 4715 (d.)
499 4640 605 4694 decedit
622 4641 690 4694 cisra
709 4637 810 4691 sanctio
823 4637 918 4692 Leonis
936 4637 1032 4710 imper.
1051 4641 1096 4710 qui
1115 4640 1144 4694 in
1198 4645 1254 4697 oilli
1281 4659 1333 4696 nou
1357 4641 1522 4704 subsistunt,
1545 4639 1599 4694 nisi
1621 4659 1708 4696 coram
1724 4644 1846 4716 >quinque
1877 4651 2017 4717 testibus,

334 4731 440 4788 :novello
459 4748 509 4784 suc
535 4726 579 4779 tt.
606 4724 639 4777 de
661 4731 817 4776 testamento
845 4724 874 4776 in
899 4723 994 4779 itinere
1015 4725 1146 4790 conlecto,
1198 4745 1246 4796 per
1264 4728 1282 4780 1.
1301 4727 1347 4778 uit.
1364 4744 1387 4778 o
1406 4725 1437 4778 de
1454 4723 1570 4778 cortou.
1589 4726 1662 4794 Quid
1681 4743 1741 4796 ergo
1758 4739 1867 4794 vetaret,
1887 4749 1938 4805 quo
1958 4735 2008 4788 uri·

332 4818 449 4887 sequenti
470 4810 548 4865 modo
566 4808 698 4880 disponite
718 4824 769 4860 uoa
789 4806 872 4877 igitur
892 4809 1043 4876 sancimus,
1062 4821 1092 4864 ut
1115 4809 1143 4862 iu
1198 4827 1248 4863 nus
1266 4808 1437 4880 peregrinans
1455 4805 1565 4860 condere
1584 4816 1766 4864 testamentum
1785 4813 1900 4880 valeret,
1920 4815 1942 4867 si
1962 4835 2007 4870 eo-

330 4899 482 4954 cieitotilur
504 4894 621 4966 quinque
642 4891 752 4946 testibus
776 4892 921 4946 stabilitum
951 4903 1145 4949 tentamentum
1199 4912 1253 4949 enen
1271 4894 1401 4963 quinque,
1415 4889 1500 4943 tribus
1518 4891 1560 4943 rel
1576 4890 1677 4944 tuobe·
1694 4894 1802 4948 testilms
1820 4895 1872 4967 ipsi
1893 4901 2017 4967 permis:

332 4983 514 5052 appenderem·
533 4978 562 5032 iu
580 4976 722 5031 itineribus
739 4993 799 5030 uero
818 4988 846 5032 at
863 4978 956 5048 egris,
972 4981 1086 5050 aliisque
1102 4980 1146 5034 in·
1199 4995 1256 5032 auru
1274 4984 1345 5030 esset
1365 4972 1472 5028 testari:
1483 4972 1572 5043 potins
1589 4989 1622 5026 ea
1640 4974 1690 5028 boo
1707 4979 1840 5046 supposito
1859 4997 1948 5034 rerum
1968 5000 2010 5036 es·

332 5070 461 5122 laoditatr's
478 5064 545 5119 loeis
562 5063 643 5118 trium
654 5066 759 5118 tertium
774 5064 951 5135 confirmatio
969 5068 1146 5136 reincipiatur.
1198 5070 1254 5128 sel,
1274 5057 1483 5131 peregrinantem
1502 5057 1577 5109 umui
1594 5071 1655 5110 casa
1674 5059 1760 5112 testari
1780 5079 1872 5130 posse,
1883 5081 1935 5132 qno
1953 5075 2010 5136 pot·

330 5153 409 5219 Cujus
428 5147 571 5203 sanctionis
588 5146 703 5201 rationes
715 5145 855 5217 praemisit
872 5145 902 5198 in
920 5149 1011 5201 eadem
1030 5151 1145 5216 novellae
1199 5158 1236 5200 est
1253 5142 1416 5208 rotlieillaril
1434 5157 1492 5193 ⁰⁰¹¹
1521 5155 1556 5192 ¹¹⁶
1575 5148 1616 5194 ¹⁰⁸
1637 5141 1744 5210 quidem
1770 5161 1803 5197 11
1826 5148 2011 5219 suppositione

331 5237 395 5308 quic
412 5236 581 5306 frequenter
603 5246 646 5284 res
668 5241 779 5302 propter
801 5246 912 5296 eorum,
936 5251 1005 5302 quoe
1031 5235 1147 5288 strictius
1198 5229 1404 5282 aduersariorum
1417 5224 1449 5277 ad
1460 5232 1642 5295 testamentum
1661 5227 1851 5298 peregrinanti.
1869 5233 2007 5286 „Memfi

331 5321 519 5388 requiruntur,
536 5313 681 5382 penuriam
700 5314 739 5370 od
751 5313 905 5383 possibilem
924 5315 1033 5368 niodum
1052 5313 1150 5368 deduci
1199 5313 1252 5367 sint
1269 5319 1361 5374 testes,
1379 5319 1442 5379 quat
1459 5307 1492 5360 ad
1509 5305 1672 5360 codicillum.
2018 5327 2020 5332 ·

331 5403 465 5468 «tielenses,
491 5419 552 5455 oum
575 5417 694 5471 numque
711 5399 803 5452 stricto
817 5400 881 5473 jure
906 5399 948 5453 uti
968 5417 1026 5452 non
1049 5399 1144 5462 dorne,
1237 5395 1279 5446 36.
1298 5392 1350 5461 (l.)
1368 5392 1440 5446 ldem
1459 5391 1558 5444 evincit
1579 5391 1597 5440 1.
1621 5389 1814 5465 conficiuntur.
1831 5397 1865 5449 ,8,
1883 5399 1912 5466 q
1933 5399 2008 5469 ιβ,
2028 5407 2063 5461 qq

332 5505 464 5558 quemque
489 5483 625 5554 quomodo
648 5493 736 5554 potest
759 5483 799 5537 uti
824 5485 972 5537 necessitas
996 5493 1042 5535 est.
1074 5481 1148 5550 Quae
1199 5479 1310 5548 dejure
1326 5475 1496 5532 codicillubi
1515 5474 1549 5527 cb
1566 5473 1694 5530 deiectum
1714 5480 1817 5532 numeri
1836 5483 1943 5535 testium
1963 5485 2008 5538 de·

332 5569 389 5638 ipsa
410 5567 503 5623 Leonis
524 5568 635 5630 nocella,
649 5567 769 5638 quamvis
786 5583 833 5637 per
853 5583 880 5618 se
898 5567 1051 5620 auctoritate
1068 5563 1146 5634 legali
1198 5575 1303 5634 negatur
1321 5561 1470 5616 testamenti
1492 5560 1578 5615 lectio.
1596 5559 1636 5614 Ex
1654 5581 1706 5632 qno
1723 5567 1859 5635 seqnitur,
1877 5567 2008 5626 deiectum

335 5669 388 5704 non
407 5651 572 5723 pollent,boc
590 5667 650 5704 casu
668 5649 824 5722 negligenda
843 5667 895 5704 non
914 5649 1146 5718 ridetur5curnin
1201 5650 1308 5703 testium
1329 5659 1381 5699 nou
1401 5657 1458 5698 esse
1474 5643 1571 5712 justam
1598 5654 1621 5698 et
1639 5645 1739 5716 legibus
1758 5649 1890 5720 probatam
1908 5669 2009 5708 auem
