4400 6226
242 281 295 335 117

202 377 235 432 sit
254 380 310 446 inre
327 377 376 429 oie.
393 372 445 430 red
458 391 491 432 ee
511 393 563 432 nou
582 377 714 432 existente
730 379 838 432 &mum
856 377 988 432 deteres-

202 459 300 532 ceptio.
317 477 346 513 rs.
365 459 411 512 te.

170 547 329 617 lmpiinissr
340 547 359 599 Ι.
372 545 403 596 31
409 579 415 595 .
428 542 461 598 tie
473 559 495 598 ι’.
507 559 530 594 c.
544 563 572 596 n.
586 544 629 597 19.

169 629 291 684 diurnum
311 628 494 694 reconciliari,
511 629 538 684 si
560 639 685 684 testeum
710 645 799 684 errore
816 625 908 684 deteus
934 645 991 682 eon

202 717 310 768 eaer‘stnt.
330 732 357 764 ιι.
375 714 417 767 iiii.

170 798 217 852 De
233 797 366 852 solutione
383 816 455 872 ques
467 797 544 852 nuda
554 810 609 866 err,
623 815 654 854 re
665 809 756 856 tumen
781 816 836 854 sert
860 793 994 852 esbum

205 883 376 936 convalescit.
389 902 417 938 n.
430 884 475 936 dt.

169 968 223 1040 Qui
242 967 344 1039 pupilio
361 971 453 1038 soluit,
472 985 531 1024 non
542 968 688 1036 liberetur,
705 967 756 1024 red
778 968 816 1024 ud
837 967 991 1024 111110101-

207 1055 326 1110 rendum
335 1055 401 1125 cogi
408 1065 503 1126 potest.
515 1074 543 1110 rs·
558 1055 602 1109 tto.

169 1139 204 1192 di
213 1151 309 1193 tomen
333 1141 453 1194 solutum
480 1139 517 1192 ite
535 1155 588 1194 non
606 1138 714 1206 existet,
739 1148 768 1193 ut
787 1138 905 1210 pupillus
921 1139 992 1194 locu·

206 1225 309 1296 pletior
326 1223 380 1288 eir,
391 1237 501 1278 securus
510 1233 558 1276 est.
570 1240 598 1276 ιι.
610 1222 655 1276 dd.

175 1311 220 1368 De
230 1309 492 1380 triplicirccuritete
503 1309 561 1383 ejus
573 1343 581 1372 ,
593 1307 642 1378 qui
658 1307 763 1380 pupilio
776 1305 869 1364 seivit.
883 1323 910 1358 rs.
924 1303 967 1357 rt.

175 1394 209 1450 ei
228 1395 348 1465 ptqsillus
366 1391 482 1446 debitori
502 1393 599 1457 scirit,
617 1393 717 1448 solutio
731 1391 807 1446 nniln
819 1403 869 1446 ers.
883 1409 911 1443 n.
923 1392 967 1446 tttt.

169 1479 229 1532 Sed
241 1497 273 1534 re
285 1495 344 1532 non
356 1479 489 1533 existente
501 1478 781 1532 meoniescitroiurio.
795 1495 822 1530 n.
835 1478 876 1530 id.

172 1565 299 1633 surgens
310 1575 339 1619 et
351 1562 522 1635 lescsnciens
532 1565 670 1636 speeierd.
685 1565 726 1616 11.
742 1561 774 1614 de
786 1563 863 1615 solet.
880 1562 997 1634 explice-

210 1659 263 1704 ler·
284 1669 311 1702 rs.
331 1649 377 1704 d'l.

142 1817 158 1866 1
174 1755 335 1872 Ηιοιοιιιιι
351 1817 522 1876 iustissimus
540 1831 630 1881 meus,
648 1815 744 1887 quibus
762 1815 846 1882 insin
865 1831 894 1866 re
906 1813 994 1884 seqni-

178 1903 247 1956 ritur
264 1903 304 1958 eei
320 1904 454 1958 emittitur
473 1903 551 1958 nebus
562 1919 615 1956 uon
633 1902 824 1965 existentibus:
844 1917 914 1954 eene
928 1917 993 1952 con-

177 1985 324 2040 sideremus
341 1987 419 2042 etiem
439 1989 502 2041 illos
521 2003 613 2051 mens,
630 1985 727 2055 quibes
738 1984 866 2054 obligetis)
881 1994 910 2038 et
928 1985 997 2034 solu-

174 2069 213 2122 tio
231 2071 337 2123 demum
356 2073 463 2138 celent,
481 2069 558 2125 rebus
578 2089 632 2124 non
650 2070 836 2124 existentibus.
855 2068 886 2122 it
903 2068 990 2136 singn-

174 2153 229 2206 iere
245 2170 308 2208 seue
325 2167 367 2210 est
383 2157 452 2210 illnsl
470 2160 513 2226 jus
530 2171 616 2212 rerum
636 2173 689 2212 nnn
713 2153 900 2218 existentium,
925 2151 996 2222 qnod

169 2239 266 2291 sunltis
283 2237 388 2294 essibus
406 2251 556 2296 contreetne
575 2239 658 2294 initus
676 2249 705 2294 et
722 2239 821 2294 solutis
838 2237 904 2292 iscte
929 2247 995 2290 tem-

170 2319 219 2374 diu
236 2324 358 2388 ssleent,
375 2333 404 2376 et
415 2323 545 2392 obligetio
562 2325 636 2378 nulle
649 2323 700 2390 sit,
714 2321 841 2394 qnemdiu
868 2337 920 2388 res,
930 2337 996 2392 quse

170 2407 291 2460 venitin
310 2416 491 2472 contrectnm,
508 2409 550 2462 rel
569 2408 599 2460 iu
616 2409 732 2462 solutum
749 2409 810 2464 dete
826 2407 996 2474 ert,esistit,

172 2489 230 2543 eice
247 2507 324 2543 rerss
335 2502 421 2545 entem
434 2503 496 2546 tunc
507 2494 664 2547 eonrslesest
677 2493 822 2562 obligetio,
840 2501 998 2555 contreotne,

169 2574 287 2638 solutio,
308 2591 368 2629 eum
387 2592 430 2629 res
446 2592 498 2628 ooo
516 2577 619 2630 existit.
638 2577 722 2648 Atque
741 2577 775 2630 de
800 2577 873 2631 bisce
897 2577 996 2646 specis·

170 2659 225 2710 tint
244 2659 332 2730 ulique
350 2661 478 2715 disserere
494 2663 606 2716 omniuo
621 2679 716 2734 opersc
733 2663 846 2733 prelium
864 2661 979 2716 videtur.

138 2737 157 2790 l
212 2742 303 2798 Primo
317 2745 404 2814 iisque
422 2745 454 2799 de
472 2745 551 2818 qncsi
576 2756 669 2802 mutuo
693 2763 739 2800 eeu
756 2745 931 2802 monsilinto
952 2746 1000 2800 boc

172 2835 230 2888 cst,
248 2825 319 2896 quod
336 2829 370 2882 sb
387 2829 466 2885 initio
483 2831 584 2884 nullum
604 2841 665 2895 eet,
683 2831 729 2883 sed
744 2847 778 2884 es
791 2842 852 2902 post
864 2829 998 2886 iemoesse

175 2909 297 2979 incipit,
316 2921 343 2966 et
361 2911 532 2970 couiirmetnr
548 2933 562 2966 ι
579 2917 654 2984 lege,
671 2933 730 2968 cum
751 2931 792 2968 ree
807 2926 901 2968 mutuo
918 2916 994 2971 dstse

140 2985 158 3038 ³
179 3009 235 3047 oon
252 2997 384 3061 esistunt,
398 3008 424 3052 et
437 2995 608 3070 consumptae
625 3011 692 3054 sont.
711 2997 839 3070 liquidem
859 2997 999 3055 Accnreins

173 3087 204 3132 et
223 3077 323 3134 dsldns
342 3079 382 3135 nd
396 3083 416 3134 i.
434 3085 461 3137 2.
481 3085 516 3138 de
531 3101 554 3138 r.
571 3103 593 3138 c.
613 3087 706 3154 Meyer
721 3085 784 3138 coli.
803 3085 859 3155 isse.
882 3102 945 3156 erg·
962 3087 996 3140 de

172 3181 198 3216 r·
214 3183 237 3218 c.
257 3183 286 3218 ιι.
305 3167 349 3218 111.
369 3169 491 3221 Strsncit.
510 3168 615 3222 dissert.
635 3171 679 3222 1³.
697 3168 734 3222 tls.
753 3169 779 3221 1.
797 3180 907 3237 negent,
934 3187 995 3222 oon·

173 3250 328 3320 sumptione
345 3259 372 3306 et
391 3268 444 3306 non
463 3251 604 3307 existentis
622 3253 662 3306 eei
682 3261 801 3305 mutuum
819 3253 994 3307 reconcilieri.

139 3337 157 3390 1
174 3327 231 3384 iios
248 3344 333 3388 tnsnen
352 3351 412 3388 cnm
426 3335 605 3389 castrensia
624 3335 642 3386 1.
664 3337 708 3388 11.
715 3332 747 3404 f
761 3333 794 3388 de
807 3352 829 3386 r,
840 3351 863 3386 c.
877 3335 923 3387 Fe.
936 3335 995 3387 lisl-

179 3415 263 3470 duino
280 3417 318 3472 nd
328 3419 351 3486 §.
363 3421 390 3472 2.
404 3419 466 3472 inst.
479 3417 551 3490 quid.
563 3420 645 3472 elien.
665 3420 708 3473 iic.
730 3419 889 3474 Wesenbeo.
905 3429 995 3485 perot.

177 3503 213 3554 de
230 3519 254 3554 r.
271 3521 293 3554 c.
313 3523 341 3555 ιι.
362 3505 407 3556 12.
439 3503 527 3573 anec.
547 3503 594 3556 tib.
614 3506 657 3558 111.
677 3523 702 3574 q.
720 3523 744 3574 q.
766 3502 994 3558 tentitudine.

620 279 669 334 nt:
686 276 990 338 OBLlGdTIONiBUS
1007 277 1053 334 ΕΤ
1072 279 1343 352 δθῑῦΤῘΟΝΙΒΰδ,
1361 299 1421 343 erc.

1043 377 1128 450 ejusd.
1142 376 1266 434 Aliensre
1285 390 1372 436 estem
1391 401 1445 438 non
1464 392 1561 456 potest,
1578 389 1625 462 qui
1643 409 1697 450 uon
1717 405 1757 452 esl
1776 398 1861 462 domi.

1045 476 1104 512 nus.
1122 479 1181 532 erg.
1193 462 1210 515 1.
1226 463 1269 514 11.
1283 481 1306 518 c.
1317 466 1352 520 de
1367 483 1390 522 r.
1402 485 1431 522 tt.
1442 481 1470 524 et
1481 483 1499 525 t.
1513 482 1537 528 t.
1547 491 1571 528 c.
1584 475 1618 530 de
1628 479 1681 534 red.
1694 481 1780 536 elien.
1793 505 1857 544 non

1043 544 1125 599 alien.
1137 546 1199 616 quie
1217 565 1296 601 semo
1307 559 1395 620 potest
1408 554 1467 624 plns
1480 556 1510 610 is
1521 558 1632 614 sitesnns
1644 563 1769 622 conicere
1779 587 1860 640 quere

1045 628 1146 682 bsbnit.
1160 630 1181 682 i.
1196 630 1239 684 tt.
1255 631 1358 707 der-1⁹.
1381 641 1574 704 (communiter
1592 647 1728 720 excipitur
1743 655 1863 710 creditor

1044 713 1141 782 pignos
1159 714 1295 782 elienses,
1307 719 1377 790 quod
1391 730 1479 778 temen
1492 741 1545 779 non
1556 746 1623 800 opus
1641 749 1708 800 esse,
1726 737 1863 807 eleqeeter

1046 798 1122 852 docet
1141 799 1236 871 Aegii.
1256 803 1430 864 Burrenum
1448 809 1560 868 Becbor.
1578 817 1618 872 ed
1630 819 1652 886 §a
1665 821 1690 874 λ
1703 819 1767 876 ιἰιιι.
1790 827 1863 895 qnid.

1046 883 1145 950 elien.)
1164 885 1273 941 secedit
1289 890 1360 958 quud
1377 909 1410 944 ex
1429 895 1541 964 pecunie
1559 915 1613 954 uou
1633 919 1690 958 mee
1708 923 1761 962 noo
1774 913 1858 980 possit
1877 913 1895 964 9

1046 977 1166 1020 mutuum
1183 965 1260 1036 iieri,
1278 975 1341 1044 quie
1363 978 1448 1030 mutui
1473 979 1543 1034 detio
1564 983 1598 1038 de
1620 1001 1680 1042 reeo
1703 999 1780 1046 tuum
1799 993 1864 1050 iecit

1042 1068 1084 1118 pr.
1095 1055 1156 1106 sest.
1169 1072 1213 1124 qu.
1227 1056 1298 1109 ruod.
1314 1075 1345 1112 re
1368 1071 1457 1116 centn
1469 1063 1489 1118 1.
1501 1065 1526 1120 d.
1540 1067 1563 1133 ς.
1575 1069 1602 1121 2.
1621 1071 1654 1125 de
1677 1091 1702 1126 r·
1725 1091 1750 1130 e.
1776 1082 1865 1151 (quse

1045 1137 1140 1190 elltssio
1155 1137 1221 1192 eiies
1240 1142 1316 1211 sepit
1334 1143 1449 1214 ineptire
1467 1149 1609 1204 stoicorum
1632 1154 1661 1208 in
1685 1157 1865 1227 originetiom

1046 1237 1158 1287 mcum,
1184 1240 1248 1294 ques
1274 1224 1371 1280 Cicero
1393 1229 1495 1300 pessitu
1524 1238 1685 1310 perstringit
1701 1243 1757 1296 sid.
1775 1243 1862 1315 Oujsn

1046 1303 1092 1359 lid.
1108 1307 1150 1359 11.
1162 1306 1220 1360 ode.
1233 1308 1297 1374 323
1317 1309 1363 1366 bic
1381 1321 1469 1367 temen
1487 1318 1606 1388 negetiee
1621 1323 1656 1377 eb
1675 1341 1705 1379 es
1722 1343 1863 1396 srgumeo·

1046 1391 1094 1446 teri
1110 1390 1192 1462 licet)
1211 1393 1269 1446 leno
1286 1393 1348 1448 licet
1370 1395 1540 1466 catenum,
1569 1421 1629 1457 cnm
1647 1407 1673 1460 ei
1697 1408 1860 1466 intuentem
1883 1421 1916 1469 10

1046 1475 1160 1528 venisset
1175 1476 1294 1545 jectilsre
1311 1479 1448 1551 ingenium
1466 1484 1535 1538 ictis
1548 1487 1685 1544 irritsndis
1703 1504 1804 1563 eptuns,
1818 1496 1863 1550 de·

1047 1556 1154 1625 ieodet,
1174 1560 1203 1610 in
1222 1573 1309 1616 mutuo
1326 1579 1379 1616 non
1397 1579 1455 1618 esse
1471 1569 1659 1627 elienstionbm
1677 1574 1747 1647 (qno
1763 1578 1864 1648 jndicio

1048 1643 1084 1695 lt.
1101 1643 1208 1696 Huberi
1223 1644 1257 1697 ob
1276 1646 1357 1698 selem
1374 1663 1450 1701 snnru
1482 1651 1648 1723 singulariter
1675 1663 1819 1737 cepimus)
1837 1667 1866 1719 id

1049 1737 1133 1780 temen
1154 1727 1376 1797 ipseseimssius
1403 1730 1489 1786 isesue
1512 1749 1573 1802 est,
1602 1743 1673 1811 qnod
1692 1745 1810 1803 Vinnins
1826 1752 1866 1806 od

1046 1813 1069 1878 ς.
1088 1812 1114 1862 2.
1134 1815 1205 1883 quil.
1217 1814 1301 1868 elt‘ess.
1319 1813 1363 1870 lic.
1387 1833 1421 1870 ex
1439 1823 1552 1892 proprio
1569 1843 1629 1879 cnm
1649 1829 1708 1900 ipso
1733 1836 1864 1909 colloquio

1048 1897 1153 1964 reiert,
1171 1899 1229 1950 scil.
1248 1898 1319 1968 qnod
1334 1915 1401 1968 res,
1420 1921 1486 1974 quse
1503 1919 1598 1964 mutue
1615 1912 1706 1984 detur,
1724 1919 1862 1978 slienetnr.

1046 1979 1101 2037 rid.
1118 1999 1216 2053 quseso
1234 1983 1324 2041 Wissr
1341 1985 1418 2042 niuei.
1430 1988 1497 2060 disp.
1509 1992 1537 2044 2.
1549 1995 1587 2048 tls.
1606 1999 1632 2048 1.
1650 1999 1677 2053 2
1697 2001 1726 2057 Si
1740 2005 1802 2074 quis
1814 2007 1863 2061 ite·
1885 1999 1918 2048 1¹

1044 2083 1096 2137 qne
1115 2067 1251 2139 pecunism
1269 2069 1383 2125 slienem
1394 2071 1463 2128 δοιιι
1473 2073 1527 2129 lide
1541 2079 1621 2138 elicui
1638 2083 1759 2154 credidit,
1771 2107 1863 2160 quem·

1046 2149 1093 2202 din
1110 2151 1156 2202 ills
1174 2161 1262 2219 estet,
1276 2153 1401 2212 dominus
1413 2175 1469 2214 eem
1483 2163 1603 2218 uindicet
1614 2202 1621 2232 ,
1633 2167 1695 2237 quis
1713 2169 1862 2230 dominium

1046 2233 1079 2287 eb
1097 2250 1128 2286 en
1147 2251 1200 2288 non
1219 2238 1343 2304 recessit,
1360 2240 1380 2293 t.
1393 2247 1504 2312 rogasti.
1519 2249 1562 2298 11.
1576 2245 1599 2320 5.
1613 2251 1659 2305 nit.
1672 2252 1707 2307 de
1719 2271 1742 2308 r.
1752 2271 1775 2310 e.
1788 2259 1861 2313 Ten·

1050 2327 1077 2372 to
1096 2319 1181 2389 megis
1200 2320 1250 2373 lsoc
1267 2324 1390 2392 procedit
1408 2343 1440 2380 eo
1457 2344 1537 2396 ceso,
1555 2351 1607 2403 qno
1624 2335 1669 2392 ior
1685 2339 1796 2394 eliensem
1820 2361 1863 2416 pe·

1048 2402 1154 2458 cuuism
1172 2403 1252 2458 elicui
1269 2417 1361 2462 mutuo
1381 2409 1464 2466 dedit.
1483 2415 1536 2468 Sed
1554 2418 1661 2488 quidsi
1680 2421 1794 2478 siieusm
1818 2445 1862 2500 pe·
1884 2422 1918 2472 1²

1048 2486 1152 2540 cunism
1171 2489 1304 2558 sucipiens
1322 2495 1488 2565 consumpsit
1500 2500 1540 2552 rel
1553 2503 1722 2561 commiscuit
1738 2507 1756 2561 1.
1774 2509 1820 2564 id.
1832 2513 1864 2565 aie

1047 2573 1127 2626 solut.
1140 2581 1170 2624 nt
1182 2591 1236 2628 non
1248 2574 1370 2630 existet?
1388 2579 1532 2636 benetune
1549 2585 1679 2643 sindlesri
1697 2607 1750 2646 non
1769 2603 1864 2664 protest,

1049 2666 1078 2706 nt
1096 2672 1175 2726 suprs
1194 2657 1295 2712 dictent
1314 2677 1372 2731 cup.
1385 2662 1412 2714 2.
1423 2681 1451 2717 n.
1463 2667 1505 2721 10.
1518 2669 1575 2733 nli
1591 2670 1683 2743 Neque
1699 2685 1730 2728 ut
1742 2685 1863 2732 mutuum

1048 2743 1134 2810 repeti
1153 2751 1260 2815 potest,
1277 2744 1340 2813 quie
1353 2746 1382 2800 iu
1395 2748 1479 2802 slieue
1492 2755 1603 2822 pecume
1617 2767 1736 2812 mutuum
1749 2776 1803 2814 non
1815 2771 1863 2816 est.

1046 2825 1100 2878 llic
1115 2843 1193 2898 ergo,
1211 2845 1272 2882 enm
1284 2831 1335 2884 elis
1347 2831 1465 2888 remedie
1479 2833 1622 2904 deficient,
1642 2840 1775 2912 singnlere
1792 2845 1861 2899 illud

1044 2910 1088 2980 jus
1103 2916 1314 2985 consumptionis
1330 2918 1472 2982 succurrit,
1490 2937 1542 2991 qno
1572 2935 1690 2978 mutuum
1710 2927 1862 2980 reconcilie-

1047 3007 1107 3064 tur,
1125 3007 1155 3050 ut
1172 3015 1221 3070 per
1240 3002 1471 3072 consumptionem
1497 3003 1650 3063 dominium
1670 3009 1710 3062 rei
1735 3027 1788 3065 non
1807 3015 1863 3066 esi·

1048 3082 1142 3139 etentis
1160 3085 1345 3149 treulletnm,
1364 3093 1391 3146 et
1409 3086 1447 3139 sic
1462 3097 1583 3142 mertuum
1597 3087 1694 3144 iscium
1705 3111 1763 3148 esse
1774 3095 1863 3152 rides-

1048 3175 1092 3220 tur
1109 3164 1136 3218 d.
1160 3165 1177 3218 1.
1204 3169 1248 3219 11.
1251 3165 1311 3237 fin.
1334 3168 1353 3220 1.
1378 3170 1419 3222 111.
1433 3177 1453 3233 ς.
1469 3172 1494 3222 1.
1507 3181 1554 3224 tot.
1567 3173 1586 3226 1.
1607 3175 1652 3227 111.
1674 3191 1718 3247 pr.
1742 3176 1776 3230 de
1797 3195 1821 3232 r.
1839 3197 1862 3232 c.

1049 3249 1129 3320 Quod
1147 3265 1206 3302 cum
1220 3247 1345 3318 efficitur,
1358 3253 1488 3306 sotionem
1502 3257 1675 3321 nenciscitor,
1688 3270 1779 3314 mutuo
1790 3261 1863 3328 deos,
1883 3249 1918 3298 ¹³

1050 3351 1085 3388 sc.
1103 3333 1310 3402 condictionem,
1328 3354 1378 3406 qne
1397 3339 1536 3408 pecunism
1555 3349 1647 3394 suntne
1660 3343 1748 3395 detsm
1767 3355 1865 3416 repete·

1047 3435 1076 3474 re
1096 3431 1201 3491 potest,
1221 3437 1252 3473 ec
1269 3420 1293 3472 si
1312 3437 1400 3476 rerere
1419 3423 1525 3493 proprie
1544 3424 1794 3493 peonniectrernm
1805 3445 1865 3482 mn·

1049 3513 1121 3557 tuum
1142 3502 1249 3556 inissets
1272 3520 1339 3572 quse
1362 3503 1497 3559 condictio
1517 3507 1560 3563 rel
1579 3505 1640 3578 ipso
1657 3507 1760 3564 inrioso
1782 3513 1864 3566 etiem

175 3591 201 3648 §-
219 3587 244 3638 1.
253 3583 295 3654 ff.
315 3585 350 3640 de
369 3586 494 3662 fidejurr.
512 3587 610 3642 Treuti-
628 3589 685 3641 roi.
705 3590 731 3640 1.
756 3587 844 3639 dno.
873 3587 910 3639 sis.
927 3587 952 3640 d.
970 3596 997 3639 et
1048 3589 1199 3659 requiritur.
1213 3591 1232 3642 1.
1252 3585 1492 3659 eufimffider.
1504 3609 1528 3646 c.
1551 3594 1683 3648 Dominus
1698 3605 1798 3663 sotem,
1818 3615 1861 3651 eu·
1884 3604 1916 3657 ti

179 3666 294 3723 Becboe.
312 3667 379 3723 ibid.
397 3671 504 3725 Cenem
520 3673 545 3725 ’1.
563 3687 661 3725 comm.
678 3689 701 3725 e.
721 3675 748 3727 1.
763 3671 876 3741 possim.
891 3671 996 3724 bithus.
1049 3676 1092 3743 jus
1110 3675 1221 3744 pecunie
1240 3685 1306 3739 eret,
1323 3691 1402 3743 quem
1421 3675 1514 3730 tertine
1532 3687 1623 3730 mutsto
1634 3676 1719 3742 dedit,
1732 3688 1863 3748 tonesge·

180 3755 204 3806 1.
217 3753 334 3823 jurispr.
354 3755 400 3808 28.
414 3771 478 3826 pag.
497 3775 533 3808 m.
553 3757 614 3810 188.
632 3766 730 3810 etcum
744 3755 790 3810 dd.
808 3757 993 3820 communiter,
1018 3771 1024 3848 q
1048 3777 1077 3811 re
1095 3769 1179 3828 potest
1197 3758 1350 3812 notionibus
1368 3759 1450 3813 cessis
1468 3758 1522 3812 sibi
1539 3778 1555 3813 e
1574 3767 1665 3812 mutuo
1689 3757 1789 3825 dente,
1816 3763 1862 3832 qni

179 3836 245 3890 bene
262 3838 388 3906 conscii,
407 3840 607 3911 consumptione
626 3853 743 3897 mutuum
763 3843 930 3896 reconciliari
943 3851 996 3894 ste·
1045 3853 1133 3896 temen
1151 3841 1210 3912 ipse
1225 3853 1288 3897 ente
1310 3841 1539 3910 consumptionem
1569 3842 1656 3896 nnlles
1680 3842 1793 3910 bsbuit,
1816 3845 1861 3898 sed

145 3909 296 3988 iluimus,
316 3921 387 3978 inies
406 3943 432 3977 n.
454 3925 667 3996 ³⁰·diliqentius
684 3927 734 3982 hoc
751 3927 995 3982 exeminntnri.lli·
1048 3935 1138 3995 postes
1157 3925 1263 3978 demum
1280 3935 1500 3982 consenesceret.
1529 3926 1676 3995 Quinimo,
1700 3926 1726 3979 si
1750 3926 1796 3982 int·
1813 3945 1859 3998 pe·
1880 3919 1914 3972 ¹³

176 4009 272 4060 mirum
287 4019 317 4062 nt
333 4011 748 4078 mutuumsslidecoutrsbstur,
767 4015 797 4067 ln
814 4025 905 4067 tutuno
918 4015 998 4067 dente
1046 4011 1152 4065 conium
1174 4011 1245 4067 inrto
1270 4011 1379 4064 eblstsm
1406 4007 1485 4062 slicni
1511 4017 1603 4062 mutuo
1627 4008 1718 4075 dedit,
1740 4009 1865 4066 dominns

177 4093 339 4162 requiritur,
356 4101 388 4144 ut
404 4093 441 4145 sit
459 4092 590 4149 dominns
602 4098 659 4161 rei,
676 4113 754 4166 quem
774 4106 864 4150 mutuo
885 4095 950 4160 det,
970 4107 997 4148 et
1047 4095 1155 4166 quidem
1174 4105 1321 4152 exerentem
1348 4093 1484 4158 uindicet,
1510 4109 1558 4148 uec
1581 4091 1707 4148 luetone
1731 4097 1862 4150 ectionern

177 4184 206 4227 ct
213 4175 385 4246 secseltotsm
398 4186 424 4230 et
436 4180 609 4234 uoluntatem
621 4191 708 4234 mestun
719 4179 799 4232 dsndi
814 4181 912 4234 beboet·
926 4180 997 4249 Quc-
1046 4180 1133 4236 hebet.
1153 4181 1207 4236 Sed
1223 4178 1328 4250 quentin
1346 4179 1459 4250 pecunie
1477 4195 1530 4232 non
1548 4176 1640 4234 esistit
1655 4179 1783 4248 emplius,
1797 4189 1862 4235 tnnc

177 4257 227 4312 ties
245 4277 307 4314 sero
325 4259 425 4329 sliqnid
438 4277 472 4316 ex
485 4264 529 4316 his
542 4264 682 4335 requisitis
702 4267 790 4329 deest,
812 4277 931 4318 mutuum
944 4282 997 4318 nou
1048 4275 1075 4320 et
1090 4265 1145 4319 iuri
1162 4263 1296 4320 condictio
1315 4263 1446 4326 nescitur,
1463 4270 1494 4314 nt
1518 4270 1640 4316 murnum
1665 4260 1862 4318 renoncilistnm

176 4353 234 4408 est,
252 4343 287 4398 iit
305 4355 392 4400 temen
424 4365 452 4402 re
469 4365 522 4404 non
541 4349 655 4422 emplius
671 4351 803 4404 existente
819 4351 998 4404 simulacrum
1050 4359 1171 4420 repetere
1187 4358 1215 4404 et
1232 4347 1342 4401 domino
1359 4345 1500 4401 restituere
1514 4345 1604 4415 possit.
1615 4345 1634 4400 1.
1647 4345 1691 4400 13.
1702 4363 1743 4413 pr.
1755 4342 1774 4400 i.
1786 4347 1811 4400 1.
1819 4345 1862 4415 fin

181 4430 268 4482 mutui
285 4445 331 4484 sen
348 4435 423 4502 qussi
444 4444 578 4499 mutuom,
598 4433 624 4488 b.
641 4449 666 4488 e.
679 4434 887 4488 reconcilietnm.
901 4434 942 4486 De
953 4433 998 4486 de·
1052 4435 1078 4488 d.
1091 4445 1111 4486 s.
1123 4434 1141 4486 1.
1155 4433 1180 4486 i.
1196 4452 1218 4488 c.
1230 4435 1256 4485 si
1265 4442 1332 4486 cerr.
1344 4429 1477 4501 Equidem
1494 4447 1573 4487 serus
1591 4432 1717 4486 dominns
1727 4434 1781 4487 isto
1793 4449 1864 4494 ceso,

184 4507 252 4564 iectu
266 4515 353 4584 primi
372 4516 495 4586 requisiti
515 4519 599 4588 prius.
1049 4518 1071 4570 si
1092 4516 1201 4588 pecunie
1219 4534 1272 4570 nnn
1289 4515 1389 4569 existet
1406 4529 1484 4584 egere
1500 4523 1593 4585 posset
1609 4521 1701 4568 contre
1719 4513 1808 4583 ipsum
1822 4511 1866 4568 iu·

149 4607 168 4659 e
220 4595 465 4668 sequialteram
488 4602 635 4674 pecuniam
652 4610 743 4656 mutuo
767 4599 872 4655 dederit
889 4617 935 4656 eno
952 4619 998 4655 no·
1051 4617 1106 4654 rem
1125 4601 1164 4653 rel
1181 4599 1382 4666 uindicetione,
1400 4595 1463 4668 quie
1481 4599 1548 4651 meis
1566 4591 1621 4650 lite
1637 4614 1695 4652 esre
1713 4595 1794 4650 desiit
1807 4613 1863 4668 pos·

181 4680 266 4746 miore
293 4692 355 4738 tunc
374 4701 423 4737 neo
441 4686 507 4737 dens
524 4701 572 4738 neo
595 4686 731 4756 sucipiens
757 4693 820 4739 ente
844 4700 878 4738 es
908 4697 998 4740 mntuo
1051 4685 1157 4738 sidere:
1177 4685 1222 4738 sed
1241 4683 1264 4736 si
1284 4683 1396 4737 hicnon
1414 4682 1450 4736 sit
1467 4681 1609 4744 soluendo,
1630 4691 1655 4734 et
1677 4681 1717 4732 sie
1740 4680 1865 4734 dominns

175 4764 328 4834 obligetur,
346 4783 396 4822 nec
414 4777 476 4823 rute
496 4779 618 4822 mutuum
637 4779 693 4832 est·,
710 4785 788 4839 quem
808 4769 918 4839 pecunie
945 4787 997 4822 non
1050 4785 1106 4822 rem
1124 4785 1198 4821 susm
1218 4767 1336 4836 sccipere
1349 4782 1403 4818 non
1415 4763 1670 4834 possit,jurecirili
1689 4763 1863 4818 necesarium

176 4854 272 4907 existet
289 4855 418 4926 emplius,
437 4856 475 4910 rel
493 4864 647 4925 consumpte
666 4863 705 4907 eet
723 4854 741 4906 l.
761 4864 871 4907 nomes
893 4852 919 4906 si
933 4855 997 4924 sur.
1047 4852 1134 4904 risum
1154 4850 1221 4915 init,
1238 4850 1295 4904 iuri
1315 4849 1434 4902 tribuere
1449 4849 1658 4913 condictionem,
1674 4863 1726 4916 qus
1743 4856 1864 4900 mutuum

179 4933 266 5005 11].
278 4936 312 4991 de
330 4937 387 4992 red.
414 4939 487 4991 cred.
504 4956 570 5009 qttne
587 4949 616 4992 st
634 4955 691 4992 esm
709 4939 845 5010 psnlisper
863 4955 997 4992 commen·
1049 4935 1257 5006 consumptione
1274 4933 1481 4988 reconcilistnm
1500 4941 1623 5004 repetere
1639 4941 1667 4985 et
1683 4947 1745 4984 sero
1757 4929 1864 4984 donnino

177 5025 278 5086 lemos,
291 5033 423 5084 mereturt
435 5021 496 5075 licet
511 5021 695 5090 Groenwegen
709 5038 766 5074 cem
781 5021 927 5090 abrogarem
940 5036 997 5071 esse
1051 5021 1192 5074 restituere
1210 5017 1300 5090 possit.
1322 5015 1371 5070 liei
1391 5033 1505 5088 nemque
1522 5015 1659 5072 restitutio
1676 5011 1733 5066 inei
1751 5030 1804 5068 nou
1821 5023 1864 5067 est

181 5103 256 5169 relit,
275 5104 345 5175 quod
364 5114 442 5175 neget
461 5101 607 5162 Brunnem.
624 5106 663 5160 nd
677 5106 704 5159 d.
723 5106 742 5157 1.
761 5107 815 5160 iles
835 5103 919 5157 elienn
940 5121 995 5156 mn·
1048 5123 1143 5174 poene.
1161 5104 1196 5156 Et
1207 5102 1321 5176 quilibet
1337 5100 1453 5156 creditor
1470 5101 1573 5154 eliense
1590 5098 1651 5162 rei,
1668 5108 1760 5150 mutuo
1777 5096 1865 5152 couci·

147 5175 164 5226 ⁷
185 5196 227 5239 inc
243 5189 302 5244 deri
320 5207 374 5244 nou
393 5199 488 5261 potest.
507 5192 598 5244 lilntno
615 5190 680 5244 dens
698 5189 769 5242 enim
789 5189 866 5242 debet
880 5205 936 5241 esse
948 5187 995 5242 dn·
1047 5189 1128 5253 lieto,
1148 5205 1196 5258 pro
1214 5203 1273 5242 sero
1289 5185 1423 5240 creditore
1440 5183 1550 5242 ltebnur
1565 5183 1585 5236 1.
1599 5183 1643 5236 19.
1655 5180 1712 5251 fin.
1736 5180 1762 5233 d.
1788 5189 1808 5232 t.
1821 5183 1864 5240 In·

147 5273 269 5328 dminus
286 5277 305 5330 1.
324 5284 457 5330 mutuum.
476 5277 503 5327 1.
520 5277 542 5342 1.
561 5275 589 5327 1.
597 5273 638 5344 ff
656 5274 717 5328 eod.
737 5275 782 5328 Est
800 5274 917 5326 enimin
937 5291 994 5326 mn·
1048 5289 1129 5342 super
1145 5271 1205 5336 inr,
1223 5269 1327 5342 queudo
1346 5268 1418 5322 iectu
1436 5284 1501 5332 suo,
1519 5267 1715 5322 iuterreniente
1738 5287 1862 5326 constern-

180 5365 223 5412 ino
238 5359 367 5415 slieustio
381 5375 422 5432 pr.
440 5367 469 5412 et
484 5357 508 5430 ᾗ.
529 5360 556 5410 2.
573 5361 637 5412 inst.
660 5357 729 5429 quib.
756 5356 830 5415 mod.
855 5372 885 5409 re
908 5369 994 5412 contr.
1049 5358 1162 5425 ptinue,
1180 5353 1328 5408 debitorem
1346 5351 1410 5406 iecit
1427 5351 1583 5417 domiuum,
1610 5361 1638 5406 et
1662 5352 1719 5424 ipse
1740 5353 1865 5408 dominns

180 5443 199 5494 i.
212 5444 256 5496 ld.
268 5445 302 5498 de
314 5461 339 5496 r.
352 5461 373 5497 c.
385 5444 406 5502 1.
418 5441 461 5496 11.
473 5443 536 5497 eod·
554 5443 704 5508 ut'etism,
723 5443 769 5512 qul
789 5442 929 5497 donaverat
948 5463 993 5514 pe·
1046 5442 1127 5497 iectus
1145 5457 1203 5495 esse
1220 5440 1341 5505 ridetur,
1358 5455 1418 5491 cum
1438 5437 1472 5492 eb
1489 5455 1536 5502 co,
1554 5438 1629 5510 qussi
1648 5437 1758 5494 domiuo
1784 5437 1861 5494 delsi-

183 5528 311 5592 ennlsm,
330 5527 354 5582 si
373 5527 464 5582 stetim
483 5543 539 5580 eem
557 5527 653 5582 iterum
678 5535 768 5578 mutuo
797 5526 923 5596 recipiet,
948 5545 993 5580 sto·
1047 5538 1090 5583 tor
1107 5545 1162 5582 sem
1182 5527 1321 5596 eccepeeit.
1339 5524 1452 5582 Etltsuc
1465 5523 1598 5578 rstionem
1615 5523 1775 5595 suppeditet,
1788 5523 1806 5575 l.
1820 5525 1864 5576 lli.

178 5627 236 5663 enm
255 5613 281 5665 ei
299 5611 449 5666 dominium
468 5610 556 5682 qnneei
570 5611 674 5663 dicetne
692 5611 710 5662 1.
725 5610 801 5675 311.
816 5613 840 5663 1.
854 5607 991 5664 dedonnt.
1043 5618 1066 5682 §.
1080 5617 1106 5666 1.
1123 5615 1150 5667 d.
1173 5623 1193 5663 t.
1218 5611 1263 5664 ubi
1290 5609 1407 5663 dicitnr:
1428 5607 1547 5680 pupillus
1570 5618 1730 5678 consumpto
1753 5609 1866 5672 oxonio

181 5697 237 5752 tid.
254 5698 398 5760 wissenb.
417 5695 539 5752 Distrii.
553 5695 586 5751 de
598 5705 691 5750 mulso
700 5713 751 5766 per
761 5705 811 5748 tot·
826 5705 852 5749 et
864 5697 993 5752 os'ndiesi's
1044 5695 1243 5752 condictionem
1256 5693 1338 5756 leniet
1343 5729 1353 5760 ,
1367 5709 1425 5748 non
1437 5690 1571 5762 untione,
1587 5707 1668 5762 quous
1691 5691 1768 5764 qnod
1781 5691 1864 5762 sacto
