4400 6226
340 530 345 542 .
450 511 454 518 ,
736 405 1214 490 ntsrnrarto
1265 405 1606 490 antonna

438 621 540 734 un
578 621 777 736 iiim
812 621 1084 736 miili
1117 618 1277 734 iton
1313 612 1910 740 miiiffliiiiiiiila

861 864 918 910 DIE
940 863 1008 908 xtv.
1033 858 1155 906 milm-
1179 855 1263 904 ttttto
1287 860 1486 906 uncnxxxtv.

1001 1022 1081 1064 etto
1112 1019 1349 1068 licentra

771 1179 948 1256 Dtttttn
971 1181 1382 1268 En.tsttt‚ttEG10tt.
1407 1183 1563 1253 PRUSS.

895 1379 1453 1428 ψ

1011 1558 1262 1630 CAPUT
1307 1563 1335 1632 1.

873 1737 928 1808 De
949 1757 1019 1804 non
1041 1731 1269 1802 existentibus
1291 1739 1329 1802 in
1344 1761 1481 1832 genere.

533 1915 557 1970 C
576 1914 599 1968 0
617 1913 649 1968 ii
659 1919 683 1972 s
697 1913 724 1968 tt
743 1910 811 1968 EC
832 1907 859 1962 Y
877 1911 906 1964 tt
919 1911 949 1962 S·
1203 1907 1292 1962 minos
1310 1919 1399 1968 tamen
1417 1915 1501 1970 etiam
1525 1913 1604 1986 vulgo
1628 1911 1792 1968 eruditorum
1820 1921 1850 1968 ut
1872 1909 2019 1968 satisiaeia·

1203 2005 1276 2054 ntus,
1296 1993 1422 2060 quaedam
1441 1996 1488 2050 hac
1507 2013 1586 2068 super
1604 2011 1632 2049 re
1651 1995 1768 2068 praefari
1784 1995 1867 2048 lubet.

336 2076 432 2136 Dubia
454 2094 491 2131 art
514 2076 547 2132 sie
573 2095 635 2132 non
658 2073 835 2130 existentibus
852 2071 966 2126 tractari
976 2069 1151 2138 possit,ersnt
1238 2073 1373 2128 Nimirum
1391 2095 1446 2132 non
1465 2079 1607 2134 existentia
1629 2097 1683 2134 non
1702 2091 1763 2135 sunt
1780 2077 1888 2152 proprie
1903 2091 1957 2129 non
1971 2081 2055 2134 ιιι-1

374 2179 426 2218 non
437 2161 512 2215 entia
522 2159 592 2214 niiu'i
601 2160 675 2226 sint,
688 2177 738 2213 nee
749 2157 819 2212 scire
828 2155 955 2228 possint?
968 2173 995 2207 n.
1009 2156 1033 2207 1.
1205 2157 1258 2223 tia,
1276 2157 1421 2231 dequibus
1439 2164 1568 2217 axiomata
1585 2164 1695 2233 allegata
1721 2164 1872 2236 loquuntur.
1890 2157 1950 2214 Non
1969 2174 2017 2211 ens
2038 2167 2054 2218 ι

333 2241 512 2302 tonantium
525 2244 758 2298 distinctionem.
772 2243 797 2294 3.
1206 2241 1278 2294 enim
1296 2245 1418 2315 pluribus
1436 2246 1522 2300 motta
1549 2245 1633 2318 accipi
1656 2247 1733 2302 docet
1758 2245 1840 2300 Arist.
1869 2243 1888 2298 t.
1906 2239 2022 2313 metapis.

338 2329 411 2401 Quid
431 2329 467 2383 sit
490 2346 544 2384 non
568 2346 616 2385 ena
640 2328 812 2401 negativum,
835 2324 901 2396 qaid
922 2318 1101 2395 privativum?
1124 2337 1152 2376 n.
1206 2325 1251 2376 11.
1269 2329 1311 2381 11.
1334 2339 1363 2381 et
1386 2329 1411 2381 i.
1430 2331 1516 2400 Plsyr.
1536 2332 1563 2382 8.
1581 2327 1633 2386 ιὶιΙ.
1659 2333 1801 2385 Arerroes
1819 2327 1858 2384 ad
1873 2325 1900 2380 d.
1924 2326 1942 2379 t.
1962 2327 2020 2380 lmo

371 2410 398 2466 1.
412 2413 437 2466 t.
1206 2409 1307 2478 siquis
1333 2413 1515 2468 socraticarum
1537 2413 1649 2468 nubium
1676 2424 1779 2471 emator
1805 2415 1894 2486 plures
1914 2410 2014 2466 distin·

334 2497 382 2552 Da
392 2513 445 2566 quo
455 2513 514 2550 nott
524 2505 586 2550 ente
597 2494 703 2568 otjana
715 2493 859 2548 axiomata
871 2487 1069 2560 intelligentia?
1076 2506 1105 2540 tt·
1116 2486 1142 2550 θι,
1206 2491 1308 2548 otiones
1325 2514 1379 2550 non
1397 2497 1499 2552 entium
1518 2509 1546 2552 et
1563 2501 1665 2554 entiam
1678 2501 1781 2572 prolixe
1792 2496 1929 2568 requirat,
1943 2494 2020 2551 adeat

339 2575 399 2634 Non
412 2579 557 2633 existentia
569 2596 627 2633 non
636 2588 701 2634 sant
711 2594 765 2630 ιιιιιι
778 2575 860 2633 entia.
873 2594 900 2628 ιι.
913 2575 941 2628 t.
1208 2579 1388 2634 scholasticos:
1408 2590 1509 2655 natam
1527 2582 1585 2638 tttte
1601 2601 1691 2638 aarum
1719 2585 1822 2656 copiam
1839 2577 1972 2647 attentet,
1994 2591 2025 2634 ot

340 2667 395 2722 Seri
406 2667 475 2722 baec
486 2663 620 2735 sifflrant
633 2674 663 2718 sat
674 2662 788 2716 existere
800 2660 836 2716 ab
849 2676 915 2714 esse.
928 2673 955 2709 n.
968 2655 995 2709 8·
1209 2659 1254 2714 aix
1278 2665 1337 2733 pins
1367 2665 1511 2736 Aegiptom
1533 2684 1640 2723 taxasse
1664 2672 1780 2724 locustas
1805 2666 1918 2722 medam.
1936 2663 2022 2720 Nobis

338 2747 477 2804 Esseotias
491 2745 605 2817 differre
619 2758 645 2802 et
654 2745 793 2820 praecisas
806 2759 864 2798 esse
877 2743 911 2799 ab
923 2735 1081 2796 existentiis.
1092 2755 1120 2792 n.
1132 2731 1158 2790 0.
1210 2742 1330 2801 sufficiat
1347 2747 1379 2801 at
1399 2760 1519 2802 nostrum
1533 2768 1640 2823 scopum
1654 2769 1707 2808 oon
1724 2769 1771 2806 ens
1784 2751 1950 2822 distinguere
1967 2761 2025 2822 (ae

375 2833 419 2884 1⁰.
437 2832 480 2882 tt.
1210 2827 1317 2898 qnisooa
1337 2830 1410 2884 enim
1434 2833 1542 2904 proprie
1568 2833 1773 2905 distinguimus,
1791 2833 1903 2887 unisona
1927 2829 2028 2887 diriti-

340 2917 374 2970 in
386 2913 527 2985 hypothesi
540 2913 622 2970 Jetus
634 2929 693 2968 non
703 2909 879 2970 existentium
901 2905 1039 2963 rationem
1059 2903 1160 2962 tatere
1211 2911 1291 2983 mus)
1308 2911 1338 2966 in
1357 2931 1414 2968 non
1433 2932 1483 2970 ens
1502 2917 1659 2988 negotiatum
1677 2937 1723 2973 seo
1740 2918 1897 2991 simpliciter
1911 2917 1982 2986 tale',
2002 2925 2030 2970 et

378 2999 464 3055 debes.
478 3018 506 3052 n.
521 2999 566 3050 12.
1212 2993 1242 3048 io
1261 3015 1317 3051 non
1337 3015 1386 3052 ens
1403 3001 1566 3073 privativum
1585 3020 1634 3058 sea
1651 3003 1800 3060 secundum
1818 2999 1891 3076 qnid.

348 3085 492 3152 Quomodo
505 3080 779 3152 arripiamusttooern
790 3075 851 3150 jasi
862 3091 890 3130 n.
904 3075 947 3128 1³.
1248 3079 1312 3133 Non
1332 3098 1381 3135 ens
1397 3083 1554 3154 negativum
1566 3087 1686 3156 estquod
1705 3105 1760 3142 noa
1778 3095 1819 3140 est
1835 3095 1896 3140 aeto
1912 3103 1961 3140 nee
1981 3105 2028 3158 po-
2047 3099 2064 3150 ι

350 3165 548 3234 QuotapIieiter
557 3165 625 3237 quisi
635 3163 739 3217 dicatur
749 3181 803 3218 non
815 3157 949 3216 existere?
961 3177 991 3215 n.
1003 3153 1046 3211 tt
1214 3165 1313 3231 tentia,
1327 3183 1372 3219 seu
1390 3177 1419 3220 ut
1435 3169 1583 3241 emphatice
1596 3172 1714 3242 loquitur
1727 3173 1868 3226 Auerroes
1884 3181 2031 3226 comment.

346 3249 392 3304 lte
405 3248 448 3300 ltis
460 3247 703 3320 praeexstiterunt
724 3255 751 3298 et
774 3261 832 3298 non
856 3244 972 3314 araphae
982 3243 1104 3306 98131118*
1122 3236 1166 3291 Μ)
1215 3247 1293 3304 adt.
1312 3251 1388 3322 plrys.
1402 3253 1665 3324 orornamenta
1678 3266 1718 3310 est
1725 3257 1849 3324 potentia
1863 3253 2035 3327 niisii,quoti

379 3335 522 3404 praecipue
533 3344 678 3388 tractatum
691 3332 735 3386 iri.
749 3350 777 3384 n.
789 3331 833 3384 tt.
1215 3341 1255 3384 est
1272 3333 1381 3403 negotio
1399 3333 1559 3404 simpliciter
1576 3347 1603 3391 et
1618 3339 1740 3408 perfecta
1750 3337 1888 3408 privatio.
1909 3339 1987 3395 Arist.
2005 3341 2030 3393 i.

346 3417 413 3470 Non
426 3418 542 3472 wiliel!
553 3415 765 3486 dictersiunqtttte
773 3411 1009 3483 diiudiiiiiisoeiss·
1022 3428 1050 3464 ii·
1064 3409 1108 3465 1⁰.
1119 3409 1163 3466 17.
1217 3417 1294 3488 phys,
1312 3419 1339 3472 8,
1359 3421 1409 3473 {ple
1428 3437 1480 3473 non
1500 3437 1546 3475 eug
1563 3431 1636 3478 ηοω
1653 3439 1708 3476 non
1732 3437 1780 3476 qm
1799 3419 1942 3476 muudum
1961 3439 2032 3476 00!ss-

347 3501 531 3554 liecenseutur
541 3501 637 3570 piata,
648 3517 784 3571 quaenam
797 3501 916 3553 existere
927 3495 1064 3552 dicaretur·
1079 3513 1108 3552 n,
1120 3497 1165 3554 tt·
1217 3501 1376 3571 positionem
1395 3511 1423 3555 et
1442 3501 1602 3557 divisionem
1622 3504 1648 3558 h.
1668 3521 1690 3558 e.
1709 3503 1852 3558 mundans
1873 3499 2033 3557 affirmatio·

385 3583 429 3634 19.
441 3583 485 3636 2⁰.
494 3583 539 3636 21.
1218 3601 1279 3638 nem
1298 3597 1323 3640 et
1339 3585 1512 3655 negetionero.
1532 3587 1607 3641 Talia
1631 3606 1684 3642 non
1705 3587 1774 3642 entia
1800 3596 1863 3640 sont
1879 3603 1904 3638 x.
1920 3601 1947 3655 g.
1967 3585 2029 3658 chy·

353 3670 478 3724 Pecunia
490 3685 677 3738 expensanon
692 3663 868 3722 reconciliari
890 3675 1013 3722 rnntsuun
1030 3674 1167 3737 tanquan
1219 3685 1321 3732 msera,
1341 3667 1507 3727 hircocervus
1525 3680 1574 3726 ete.
1593 3690 1658 3743 qoae
1677 3671 1826 3726 scholastici
1844 3669 1919 3724 entia
1944 3671 2031 3731 ratio·

388 3767 446 3804 non
459 3751 589 3806 existeret
597 3761 692 3806 eontra
706 3747 854 3818 Godosreti.
865 3767 894 3804 n.
907 3749 953 3802 22
1221 3749 1264 3805 nir
1281 3749 1404 3820 fierive
1420 3755 1446 3807 h.
1463 3773 1488 3808 e.
1511 3773 1594 3826 quse,
1613 3757 1637 3810 si
1663 3756 1778 3826 cogitare
1797 3753 1830 3808 ta
1852 3753 1889 3805 iis
1906 3750 2031 3822 desinas,

352 3837 418 3894 Non
433 3837 643 3894 centenariam
655 3839 796 3903 dieantur,
810 3852 943 3906 quaepro
955 3831 1084 3889 extinctis
1104 3843 1168 3888 tan·
1219 3852 1268 3889 nee
1286 3836 1316 3889 io
1335 3848 1421 3893 mente
1438 3855 1487 3893 nee
1505 3839 1534 3892 in
1553 3840 1826 3910 universoquicqnam
1839 3845 1916 3902 suat,
1930 3847 2035 3892 somna.

388 3919 697 3976 cantobennensi.
1218 3919 1395 3990 Distinguunt
1412 3921 1485 3976 eninr
1504 3923 1575 3977 entia
1594 3923 1707 3977 rationis
1725 3923 1754 3974 in
1777 3919 1906 3990 objectite
1923 3929 1950 3974 et
1968 3919 2037 3976 effe·

353 4007 418 4060 Nost
430 4003 549 4061 aristen
562 4015 588 4058 et
597 4022 656 4060 non
665 4015 764 4060 aetam
775 4021 815 4060 an
828 4001 899 4058 idern
911 3999 965 4055 riti
977 4017 1006 4053 n·
1019 3996 1064 4054 24.
1076 3999 1120 4054 25.
1219 4004 1286 4060 etiae
1312 4005 1395 4072 talis,
1421 4005 1495 4076 qnasi
1519 4005 1714 4076 paronomasias
1737 4003 1826 4057 habita
1850 4001 1962 4056 ratione.
1992 4005 2033 4056 De

513 4139 516 4146 .
1219 4090 1350 4158 ejusmodi
1368 4089 1474 4143 entibus
1493 4089 1606 4144 rationis
1623 4087 1836 4158 elegantissimus
1854 4085 1980 4140 Barireus
1998 4087 2032 4140 in

322 4172 338 4221 1
413 4187 508 4224 onens
523 4168 737 4230 truttmunt
752 4165 904 4240 turpiores
918 4166 1170 4241 tneoptstnetnes·
1219 4169 1313 4224 iestisa
1335 4180 1407 4225 orat.
1432 4171 1466 4223 tie
1488 4179 1550 4224 ente
1575 4179 1627 4224 rat.
1653 4177 1713 4240 post
1737 4168 1811 4238 ptura
1837 4166 1975 4236 ingeniosa
1994 4166 2036 4220 sia

348 4256 490 4328 saiiiequa
508 4265 535 4308 et
551 4252 714 4307 irrationale
737 4268 794 4305 esse
815 4249 885 4304 dixit
907 4253 1008 4318 Plato,
1026 4257 1101 4320 (enm
1119 4273 1171 4327 quo
1220 4252 1365 4308 concludite
1390 4267 1466 4330 mens
1489 4263 1586 4307 nostra
1612 4271 1668 4306 non
1696 4252 1798 4305 entium
1822 4251 2034 4322 productionem

359 4359 387 4396 se
404 4357 494 4396 errare
509 4356 589 4411 qnam
608 4354 668 4391 cam
685 4337 747 4392 aliis
763 4346 833 4391 reeta
857 4336 958 4390 sentire
975 4340 1053 4392 maile
1071 4341 1126 4396 Cic.
1144 4344 1170 4396 1.
1220 4338 1360 4411 ingeniose
1382 4336 1504 4392 somniat
1521 4346 1548 4390 et
1564 4335 1697 4403 Morphei
1707 4333 1819 4388 tionum
1838 4333 1965 4390 adornat,
1981 4339 2038 4390 ita·

362 4423 595 4494 moestuosos.
619 4422 694 4493 epist.
714 4431 763 4475 att.
787 4421 831 4474 63.
856 4419 902 4473 iii.
923 4420 967 4488 1.)
986 4424 1015 4476 in
1032 4427 1171 4496 sophista,
1220 4422 1260 4476 tio
1290 4418 1447 4483 audoenio,
1472 4437 1541 4492 quae
1560 4428 1659 4471 natura
1681 4416 1849 4472 committere
1875 4417 2034 4484 estanar,

357 4527 404 4565 seu
423 4509 456 4562 tie
473 4516 535 4562 ente
551 4525 611 4580 pag.
631 4525 667 4560 m.
688 4504 750 4558 181.
768 4523 804 4556 ιιι.
823 4503 883 4558 Νοιι
902 4519 950 4558 eas
967 4521 1021 4558 oon
1038 4517 1081 4561 ast
1093 4507 1173 4562 scibi-
1209 4503 1306 4575 fingit.
1319 4499 1395 4555 Cotti.
1416 4501 1510 4556 senec.
1528 4499 1605 4571 epist.
1624 4501 1669 4556 118.

358 4597 398 4658 ie,
411 4593 498 4664 inquit
512 4595 646 4646 Acerroes
656 4587 774 4647 Cossini.
786 4599 964 4658 cognomento
975 4599 1175 4646 commentator
1257 4589 1322 4642 Non
1339 4601 1390 4641 ens
1402 4584 1566 4657 privativam
1584 4595 1627 4640 est
1642 4587 1699 4642 Eos
1724 4584 1754 4638 in
1773 4583 1889 4656 potentis
1909 4583 1953 4636 ss.
1973 4595 2035 4640 met.
2054 4591 2071 4641 t

358 4695 470 4749 magnus
487 4678 589 4742 dietus,
607 4684 752 4731 comment.
770 4674 800 4741 in
814 4671 900 4724 Arist.
914 4674 938 4724 t.
949 4671 983 4726 tie
992 4690 1052 4744 gen.
1063 4685 1092 4728 et
1101 4690 1172 4730 corr.
1223 4672 1267 4724 11.
1277 4668 1347 4742 qnod
1365 4682 1421 4726 acto
1437 4670 1546 4742 quidem
1558 4687 1612 4724 noa
1626 4681 1679 4734 est,
1694 4667 1740 4724 sesi
1753 4679 1838 4724 tamen
1855 4667 1966 4724 existere
1980 4681 2039 4740 pot-

359 4784 386 4818 o.
403 4766 447 4818 19.
465 4767 492 4820 2.
508 4765 588 4836 pisy-s.
605 4762 649 4814 tr.
666 4759 737 4816 coni.
755 4758 840 4810 Arist.
862 4755 889 4810 1.
906 4759 974 4826 Pyr.
999 4757 1112 4810 ausonis.
1128 4758 1174 4810 67.
1222 4764 1268 4811 est.
1295 4754 1419 4826 Adeoque
1439 4751 1522 4807 ssiiua
1539 4761 1567 4808 et
1583 4752 1727 4807 essentiam
1745 4768 1820 4808 suam
1839 4767 1926 4806 aeram
1944 4751 2039 4817 habet,

357 4848 419 4903 Non
438 4865 485 4905 ens
504 4846 575 4900 nihil
594 4854 634 4898 est
651 4843 714 4898 iiid-
732 4860 756 4896 e.
776 4844 801 4892 1.
826 4849 845 4892 t.
865 4840 891 4892 1.
915 4848 942 4892 et
958 4839 984 4891 t.
1003 4840 1089 4911 Pitye.
1107 4857 1129 4894 e.
1148 4842 1174 4895 2.
1224 4861 1300 4915 quarn
1318 4841 1481 4912 intelligere,
1499 4839 1606 4904 docere,
1619 4839 1652 4894 de
1665 4857 1715 4910 qua
1727 4839 1787 4895 talia
1804 4837 1956 4910 praedicere
1974 4853 2040 4908 pos·

344 4943 428 4987 viaet.
445 4933 472 4986 Β.
491 4935 517 4984 1.
535 4932 677 4998 degener.
694 4937 721 4983 et
739 4942 810 4979 corr.
828 4921 1051 4994 c.16.itieoque
1068 4921 1102 4976 de
1122 4939 1175 4978 non
1225 4945 1330 4994 snmus,
1342 4943 1448 4997 quaese
1466 4941 1527 4978 sere
1546 4925 1580 4978 ita
1599 4923 1739 4978 habentia
1752 4923 1891 4978 existentia
1904 4937 1949 4974 seu
1961 4939 2040 4992 prae·

361 5027 424 5071 ente
440 5017 511 5072 nihii
529 5013 696 5086 praedicari,
714 5011 785 5063 nihii
803 5008 890 5063 deoeri
908 5015 1013 5080 potest5
1032 5023 1086 5062 non
1104 5008 1176 5062 entis
1225 5013 1303 5068 terita
1321 5027 1367 5064 sen
1385 5007 1481 5063 intusa.
1498 5007 1569 5078 Ergo
1586 5019 1729 5063 memorata
1747 5006 1879 5062 axiomata
1898 5021 1958 5058 sera
1979 5017 2076 5070 sunto

360 5102 433 5156 enirn
451 5102 537 5156 nullae
554 5109 613 5153 sunt
630 5093 792 5151 affectiones
1224 5097 1258 5150 aie
1276 5113 1330 5150 noo
1348 5103 1407 5148 ente
1425 5091 1547 5162 negativo
1565 5100 1592 5144 et
1610 5091 1773 5163 simpliciter
1791 5089 1854 5154 tsli,
1867 5105 1921 5143 non
1941 5089 1975 5144 sie
1988 5093 2041 5164 pri·

402 5189 460 5242 Eae
478 5195 542 5240 sont
559 5183 621 5236 illae
633 5188 735 5236 veteres
752 5175 916 5241 canutam,
928 5191 993 5244 quaa
1005 5172 1054 5227 sub
1066 5172 1175 5228 initium
1226 5179 1314 5236 satiro
1331 5187 1360 5233 et
1376 5177 1517 5232 amandam
1529 5175 1602 5247 quid.
1618 5176 1745 5248 Equidem
1758 5175 1829 5246 qood
1843 5183 1902 5228 aetat
1916 5192 1970 5230 non
1983 5187 2040 5243 est,
2059 5187 2076 5237 τ

363 5290 500 5336 seminar,
518 5287 552 5324 ne
569 5267 663 5329 nobis,
684 5261 811 5316 nonnulis
822 5261 856 5314 sle
867 5261 926 5328 jore
937 5275 990 5311 non
1004 5257 1175 5312 existentium
1227 5263 1372 5338 potentiam
1391 5271 1479 5316 tamen
1497 5259 1589 5327 babet,
1605 5269 1634 5314 nt
1645 5261 1686 5315 rel
1706 5260 1787 5314 inerit
1803 5258 1844 5312 vel
1863 5274 1921 5313 esse
1939 5261 2041 5332 possit,

362 5353 614 5417 commentantibus,
633 5349 676 5402 iili
693 5345 830 5408 occlssflnis
849 5343 894 5414 qu?
920 5357 997 5396 ⁸⁰⁰⁰¹
1015 5342 1174 5396 “imum
1227 5350 1255 5402 isi
1273 5347 1353 5400 etiam
1372 5361 1425 5399 oon
1443 5359 1491 5398 ens
1509 5342 1630 5409 dicitnr,
1648 5354 1730 5416 prout
1753 5342 1829 5398 modo
1852 5340 1975 5409 dictum,
1995 5345 2041 5398 sesi

362 5441 622 5516 philosophicorum,
640 5450 706 5504 quos
723 5447 769 5484 cesa
787 5429 860 5483 canis
884 5446 918 5481 ex
937 5429 993 5482 nilo
1011 5430 1078 5482 eitra
1098 5429 1177 5482 intel·
1226 5427 1309 5500 tnagis
1325 5425 1442 5499 ἀκριβῶς
1458 5443 1512 5480 non
1530 5426 1646 5481 existens
1671 5425 1814 5482 vocantium
1834 5425 1913 5479 ioret·
1931 5427 2039 5482 Etenim
2059 5448 2078 5502 0

361 5531 455 5584 lectum
467 5525 586 5578 debitum
598 5519 678 5575 crude
691 5517 843 5580 hauserunt,
850 5529 955 5587 crepare
968 5521 1064 5565 amant.
1080 5513 1177 5583 Quam·
1228 5515 1294 5568 sient
1310 5525 1367 5565 esse
1385 5509 1418 5562 ab
1437 5507 1568 5577 existere,
1582 5514 1696 5566 essentis
1709 5511 1742 5578 ab
1755 5509 1897 5565 existentia
1919 5519 1974 5567 toto
1988 5513 2041 5568 dii·
2141 5499 2146 5516 ’

364 5627 442 5683 quarn
463 5619 549 5664 autem
571 5607 619 5660 hae
637 5619 711 5656 aures
730 5611 834 5652 nostras
860 5615 913 5652 oon
940 5597 1076 5662 celticent,
1097 5607 1122 5651 et
1140 5613 1179 5650 sa·
1229 5597 1320 5653 ierunt
1345 5596 1438 5666 coeio,
1461 5595 1496 5651 ita
1519 5606 1546 5650 et
1569 5615 1623 5653 non
1649 5615 1695 5654 ens
1719 5614 1734 5651 a
1759 5613 1814 5653 non
1838 5595 1968 5654 existenti
1996 5599 2040 5652 sii·

364 5695 502 5768 pientibos
520 5693 601 5747 etiam
620 5699 708 5746 tacere
725 5685 769 5738 hie
787 5683 848 5738 satis
874 5699 931 5739 esse
955 5691 1043 5754 posset
1050 5703 1058 5752 3
1078 5681 1179 5738 nihilo·
1230 5691 1339 5756 screpat.
1964 5699 1973 5706 ·
