4480 6196
245 227 299 286 133

189 339 288 378 earnm.
305 320 432 392 quoniam
452 319 497 376 illa
514 319 639 376 remissio
658 327 757 392 tanmm
780 314 893 370 liberata
911 331 925 365 a
945 312 1011 382 rigi·

191 405 260 460 diori
279 405 411 458 rationum
432 403 580 459 redditione
598 398 755 456 Gothulred.
775 397 814 454 nii
822 398 849 452 sl.
862 400 881 452 Ι.
930 453 933 462 ,

132 484 174 538 22
226 488 317 562 518.
337 489 396 542 Noa
417 487 638 558 praetereundum
652 487 696 554 hic
713 493 754 540 est
769 483 847 538 cisiie
865 481 1012 547 silentiam,

158 559 161 568 ¹
189 591 222 626 an
243 582 333 627 ιιιιιι
353 571 472 636 domino,
486 573 531 644 qui
546 588 670 643 prsescns
684 580 741 635 est,
752 579 780 622 et
793 577 894 622 seretur
905 567 932 620 in
946 585 1007 620 cost-

192 659 284 714 tinenti
304 657 494 723 contradicere,
513 657 726 726 ignominiaeque
744 668 876 724 exponere
908 649 1009 703 debito·

189 760 262 808 rem,
283 740 346 795 dum
365 739 438 795 iilius
457 759 511 795 rem
533 740 695 809 hypothecae
714 739 758 792 dat
776 730 924 792 creditori?
943 732 1010 786 Con·

188 825 299 880 eludunt
316 825 382 878 sliat
401 822 633 878 commonuerit.
645 820 713 892 quod
725 823 830 891 quoties
841 817 874 872 de
892 832 1007 870 commo·

191 907 226 967 dc
239 911 347 964 tacentis
359 909 455 980 agitur,
469 906 548 962 toties
561 906 687 962 habentur
700 923 748 976 pro
760 903 938 960 consentiente
950 917 1011 970 urg.

185 1011 212 1050 c.
225 994 269 1046 13.
283 995 316 1048 aie
329 1011 352 1044 r·
357 993 385 1064 j,
396 991 426 1044 ιἰι
439 993 493 1044 tito.
506 992 523 1042 1.
536 989 579 1044 10.
582 987 739 1062 ffidepnct.
751 983 768 1042 l.
780 989 806 1040 d.
820 991 838 1045 1.
847 987 872 1036 2.
871 985 915 1054 Ι
931 1001 1009 1036 nsan-

188 1081 245 1133 dot.
259 1079 278 1132 1.
291 1079 335 1130 30.
347 1076 379 1130 ‹ie
390 1069 470 1144 legat.
480 1075 508 1127 2.
527 1075 651 1128 Menoeh.
670 1075 709 1136 ,de
731 1082 896 1142 praesumpte.
919 1069 965 1122 tit.
984 1068 1010 1118 3.

187 1172 350 1234 praesumpt.
365 1159 412 1212 12.
434 1161 475 1212 sin
494 1159 577 1229 agitur
597 1158 628 1212 de
647 1159 760 1218 scientis
777 1169 801 1212 ιι
814 1155 923 1211 taceatis
935 1169 1011 1223 prae·

187 1245 301 1316 iudicio,
321 1256 380 1300 tuuc
399 1255 487 1301 tacens
505 1245 658 1313 regulariter
683 1261 732 1313 pro
755 1241 933 1296 consentiente
959 1253 1010 1320 non

191 1331 314 1386 habeatur
330 1330 348 1382 1.
372 1329 396 1382 Β.
421 1337 439 1391 i
469 1339 492 1394 t.
506 1326 548 1396 ff
573 1327 606 1380 de
625 1345 739 1400 procur.
750 1327 768 1380 1.
783 1326 827 1379 31.
840 1335 859 1388 ς.
876 1325 901 1376 2.
916 1321 949 1391 de
960 1321 1009 1392 teg.

190 1415 216 1468 2.
229 1433 287 1482 cop.
300 1413 342 1467 11.
353 1414 387 1467 aie
399 1430 421 1464 r.
428 1412 453 1482 j.
466 1413 495 1466 in
506 1413 564 1468 oso.
578 1411 698 1467 Crasetta
722 1411 818 1466 consil.
844 1409 907 1460 223.
930 1426 957 1458 ι.
984 1405 1015 1456 9.,

190 1497 388 1554 statas-dacis.
400 1494 443 1548 33.
458 1516 486 1549 ιι.
500 1497 526 1548 3.
547 1495 613 1550 Cum
635 1497 721 1566 itaque
740 1507 767 1551 et
792 1494 837 1546 hic
855 1492 889 1545 de
913 1489 1010 1542 alamno

189 1581 301 1635 tacentis
319 1591 427 1652 agatur,
445 1578 583 1641 ridebatur
602 1596 649 1632 nec
667 1579 734 1634 hanc
762 1576 1009 1650 oppignerationem

191 1663 301 1720 domino
322 1682 416 1720 nocere
434 1679 528 1736 posse;
548 1662 576 1716 id
595 1662 665 1734 quod
684 1662 763 1720 tacita
781 1663 888 1732 largior,
907 1659 930 1714 si
949 1674 1009 1727 sup·

187 1747 317 1823 posuerit,
335 1752 422 1822 ipsum
442 1747 603 1802 creditorem
623 1745 740 1812 sciuisse,
770 1745 902 1816 quadres
931 1741 1007 1811 oppi-

187 1845 297 1907 gaarma
316 1853 368 1888 non
386 1833 422 1887 sit
440 1833 525 1903 ipsius
543 1831 673 1886 debitoris
692 1832 738 1886 sed
756 1833 855 1897 aliena,
869 1829 930 1901 quia
949 1841 1010 1883 tnnc

192 1917 331 1973 creditoris
349 1927 411 1982 erat,
430 1915 586 1986 diligentius
603 1915 742 1986 explorare
767 1914 903 1966 dominnm
936 1925 1009 1980 prae·

191 2012 302 2068 sentem,
321 2020 353 2056 an
374 2001 401 2054 in
423 2001 495 2054 iilam
509 1999 756 2070 oppignoratiocem
774 1997 931 2060 consentiat,
946 1993 1010 2048 alias

187 2085 271 2150 enirn,
289 2085 366 2138 sicuti
388 2101 466 2138 nemo
485 2082 793 2154 dorsareprsesnmitnr,
824 2079 861 2134 ita
892 2093 940 2132 nec
969 2079 1011 2143 ins

185 2185 263 2222 snum
284 2168 437 2230 remisisse,
457 2165 502 2220 sed
521 2167 613 2238 potius
630 2165 737 2238 quaeris
755 2165 806 2219 alin
832 2180 908 2218 cansa
937 2161 1011 2214 illam

185 2251 353 2308 liberalitatis
373 2250 616 2322 praescriptionem
635 2248 770 2316 excludet,
790 2247 871 2303 etiarn
889 2247 945 2300 illa:
964 2263 1011 2314 ego

190 2331 261 2395 tacui
279 2353 314 2387 ιι
330 2333 538 2388 contradictione
558 2351 614 2387 rues
636 2334 724 2386 turbas
740 2331 872 2397 iacerem,
883 2343 924 2386 aut
938 2330 1012 2384 debi-

189 2427 275 2472 tcrrm
293 2401 470 2482 oli'cnderemq
490 2415 558 2486 quod
591 2415 615 2476 si
641 2428 729 2470 autem
753 2415 923 2486 creditcrlin
944 2413 1013 2478 bona

189 2510 230 2554 est
248 2495 319 2565 lide,
338 2510 364 2552 et
382 2509 457 2569 putat
478 2517 534 2552 rem
553 2499 754 2570 oppignoratam
774 2516 832 2555 esse
844 2497 1014 2569 ipsiusdebi·

186 2581 270 2648 ioris,
288 2584 341 2651 iant
360 2600 412 2637 nott
432 2581 591 2654 parcendum
624 2578 665 2636 esi
695 2582 799 2649 serbis,
832 2582 879 2636 sed
909 2581 1011 2652 aperiat

187 2678 303 2721 mentem
325 2685 399 2720 saram
422 2665 606 2732 dominus,si
628 2667 695 2724 nolit
720 2668 747 2720 in
779 2683 807 2720 rc
839 2684 884 2719 sua
916 2667 1012 2737 pignus

183 2749 361 2814 constitutum,
384 2759 479 2802 taceret
499 2751 572 2801 enirn
593 2748 626 2804 ita
640 2746 765 2802 dosuians
777 2750 805 2802 iu
821 2748 942 2802 fraudem
958 2767 1014 2804 cre·

185 2829 293 2898 ditaris,
312 2831 356 2886 cui
376 2833 484 2904 decepto
503 2828 551 2884 hac
577 2833 681 2898 ratione
703 2833 762 2900 jura
788 2843 962 2899 succurrunt,
988 2844 1014 2888 ct

186 2917 271 2988 magis
290 2915 377 2973 lavent
396 2915 503 2970 seducto
520 2913 655 2980 creditori,
673 2931 751 2984 qaam
780 2915 854 2967 cirili
885 2913 1013 2978 domino,

181 3001 228 3072 qni
240 3001 319 3056 laciie
343 2999 481 3071 impedire
499 2999 642 3069 potuisset,
662 3015 695 3052 ne
716 2998 761 3052 iiie
776 2997 943 3070 deciperetur
954 3000 972 3051 l.
984 3001 1013 3054 2.

182 3101 205 3137 ι.
217 3085 297 3138 sires
312 3085 399 3139 alien.
410 3087 484 3156 pigre.
500 3079 553 3135 det.
568 3081 734 3156 Harpprrnd
746 3093 765 3147 ς.
780 3081 817 3148 Ι1.
841 3082 923 3137 iussis.
940 3085 1012 3156 quid.

183 3169 254 3224 mod.
267 3189 297 3224 rc
308 3181 397 3226 contr.
410 3169 465 3221 obl.

125 3253 167 3308 23
208 3241 240 3324 ’ς.
260 3254 304 3306 tt.
323 3252 383 3304 Pari
404 3239 554 3303 modoaihi
579 3261 664 3306 careat
695 3249 782 3305 civilis
812 3250 945 3320 creditor,
978 3271 1012 3307 ns

183 3335 323 3390 blanditiis
341 3335 470 3389 debitoris
488 3344 550 3405 atq;
569 3334 695 3406 precibus
715 3345 866 3400 snosratur,
894 3347 922 3391 ιι
949 3355 1011 3406 per·

186 3417 271 3473 mittat
288 3435 343 3472 rem
356 3417 407 3470 sihi
422 3417 615 3488 hypothecarum
629 3417 705 3471 alteri
720 3418 906 3488 hyptrthecari,
918 3439 1011 3492 quarn-

186 3507 227 3558 ιιι
243 3503 317 3558 enirn
335 3499 505 3574 putet,'hanc
524 3519 550 3556 se
570 3503 673 3556 restium
697 3503 813 3560 debitori
840 3504 918 3559 facile
948 3509 1012 3562 dare

187 3606 282 3660 posse,
300 3605 359 3644 oum
379 3573 601 3658 ea'permtutone
620 3587 715 3659 pignus
740 3589 888 3657 remiserit,
924 3601 1013 3646 tamen

188 3679 244 3744 jura
263 3675 313 3742 iam
331 3685 385 3726 turn
404 3683 574 3744 praesumunt
592 3673 637 3724 iila
653 3672 708 3741 ipsa
723 3673 899 3744 permissione
913 3692 1011 3728 aerum

189 3756 310 3830 pignoris
325 3771 382 3809 esse
397 3755 536 3808 remissum
556 3755 639 3824 peri.
657 3753 699 3806 12.
715 3772 757 3824 pr.
777 3767 803 3807 et
819 3756 837 3808 1.
857 3756 882 3810 1.
898 3758 920 3823 §.
935 3761 961 3810 1.
964 3756 1008 3826 Ι,

187 3839 261 3912 quib.
279 3837 350 3892 mod.
366 3835 438 3908 pigra.
452 3838 498 3890 nei
509 3836 619 3908 hypatis.
630 3838 697 3892 sola.
712 3855 764 3893 non
781 3839 854 3890 euim
868 3839 919 3894 duo
932 3843 1011 3898 nnius

186 3927 226 3979 rei
245 3925 273 3978 ia
293 3923 405 3978 solidam
426 3932 534 3995 possunt
549 3939 604 3976 esse
615 3939 803 3992 possessurus
818 3936 880 3978 suast
890 3927 1011 3996 quidem,

183 4010 229 4083 qni
247 4008 386 4080 aliquando
405 4008 494 4060 mitius
513 4024 561 4076 pro
581 4002 639 4077 ipso
664 4007 798 4060 crealitare
826 4007 915 4076 primo
951 4030 1012 4080 pao.

187 4095 313 4151 nunciare
330 4095 467 4154 nituntur,
487 4090 522 4144 ita
542 4100 570 4142 ut
589 4108 632 4142 sua
651 4089 826 4162 permissione
854 4111 907 4148 non
936 4095 1011 4148 omui

186 4183 244 4248 iure
261 4179 394 4250 pignoris,
413 4175 458 4228 sed
479 4175 569 4228 saitem
587 4179 646 4244 jure
666 4176 813 4247 prioritatis
833 4178 908 4234 iilum
935 4181 1013 4235 esai·

183 4265 257 4318 disse
275 4263 375 4316 dicant.
392 4259 427 4314 cb
444 4260 462 4312 1.
482 4259 566 4338 1215.
587 4257 612 4310 1.
629 4257 663 4326 Ι.
681 4259 730 4331 qus'
743 4270 800 4326 pot.
818 4261 849 4314 in
861 4266 939 4334 pigra.
951 4267 1011 4318 Mu.

186 4348 266 4402 daeus
283 4347 316 4400 de
330 4345 439 4418 pigner.
456 4345 498 4396 tit.
515 4342 586 4421 quib.
605 4344 676 4396 mod.
693 4342 767 4415 pigre.
781 4346 846 4400 solu.
861 4365 888 4400 ιι.
904 4349 948 4402 23.
965 4347 1010 4402 Sa·

185 4431 302 4485 ticcam
323 4432 340 4482 1.
362 4429 388 4479 3.
406 4447 429 4482 r.
445 4429 479 4481 de
498 4423 597 4480 remiss.
613 4427 689 4496 pigra.
717 4427 864 4482 Molinseus
882 4429 916 4484 da
935 4449 1008 4485 usur.

186 4531 212 4567 ιι.
229 4514 293 4567 cet.
311 4511 429 4565 Connan.
447 4510 493 4563 tit.
512 4509 537 4561 1.
554 4527 649 4562 comm.
670 4511 712 4564 13.
737 4530 766 4572 ιι.
792 4511 836 4562 111.
864 4512 1013 4567 Ranchhar.

187 4615 229 4669 qn.
249 4594 292 4650 31.
313 4613 342 4649 ιι.
361 4595 404 4646 33.
426 4593 555 4668 Caspios.v
567 4611 596 4662 p.
616 4596 640 4645 1.
659 4605 744 4647 ιιιιιι.
764 4596 808 4648 23.
831 4592 858 4648 d.
878 4597 941 4649 131.
954 4597 1012 4650 Br-

186 4679 260 4733 cline.
278 4677 307 4730 in
326 4678 426 4731 Transi.
444 4677 501 4728 voi.
521 4677 545 4727 2.
564 4679 630 4744 disp.
650 4678 675 4728 1.
695 4679 733 4730 tlt.
766 4680 791 4730 ll.
817 4679 856 4732 tit.
882 4699 906 4734 e.
930 4699 1008 4750 quam

185 4765 342 4819 ιιιιιιιῖιιι
361 4777 468 4832 acquam
487 4771 556 4830 putat
577 4760 650 4814 Zoes.
667 4759 706 4812 nd
712 4759 754 4830 Ι
771 4763 810 4816 tit.
839 4763 912 4834 quib.
937 4763 1014 4818 mod.

184 4847 259 4921 pigre.
277 4840 347 4902 solit.
365 4864 394 4898 ιι.
414 4847 458 4896 13.
476 4847 504 4898 in
514 4843 574 4914 fin.
595 4846 640 4898 sed
660 4853 750 4916 aperte
769 4845 835 4904 satis
862 4847 1011 4902 reclamant.

186 4929 205 4984 1.
224 4934 267 4984 11.
284 4941 312 4986 ιι
329 4930 372 4983 12.
388 4947 433 5001 pr.
441 4925 482 4997 Ι.
501 4927 574 4996 quit:
591 4927 661 4980 mod.
679 4926 754 4997 pigra.
771 4927 830 4996 129.
843 4930 866 4996 §e
880 4932 903 4981 t.
918 4927 1008 5000 iuſsn.

186 5017 212 5070 d·
230 5025 249 5069 ι.
268 5014 323 5069 ibi:
340 5013 436 5084 pignus
454 5013 512 5064 cais
530 5013 568 5078 is,
588 5011 619 5062 dc
631 5030 682 5078 quo
694 5011 853 5082 quaeritur,
868 5017 1014 5084 coracensit,

187 5098 302 5153 minime
318 5097 435 5152 retinere
454 5105 555 5166 potest,
575 5095 627 5147 aid.
646 5095 767 5158 Fraatzh.
786 5097 824 5148 nd
841 5096 867 5148 d.
886 5107 905 5152 t.
915 5097 957 5166 Ι.
983 5119 1015 5154 ιι.

127 5207 170 5262 gg
189 5183 251 5237 stt.
270 5183 427 5235 ttartmana.
449 5179 545 5254 Pistor.
564 5179 582 5228 1.
602 5179 627 5230 3.
644 5197 687 5248 qn.
702 5181 744 5231 16.
762 5179 945 5234 Nihilominus
961 5183 1011 5254 pla·

188 5277 226 5321 aet
238 5265 305 5318 banc
317 5261 472 5332 opinionum
488 5260 668 5315 diversitatem
680 5263 837 5330 conciliare,
850 5265 1010 5336 distinguen-

185 5349 219 5402 do
238 5350 308 5400 inter
326 5343 497 5409 creditorem,
517 5345 561 5414 qui
577 5349 729 5413 consensit,
749 5361 774 5402 ut
786 5360 871 5403 certae
883 5367 912 5404 ae
926 5352 1008 5404 nomi-

185 5445 260 5488 natae
279 5447 404 5504 personae
423 5430 518 5506 pignus
535 5429 714 5498 obligaretur,
733 5444 756 5487 et
774 5451 850 5497 essm,
869 5435 914 5506 qui
941 5437 1006 5488 sim-

182 5517 289 5589 pliciter
306 5514 456 5577 consensit,
473 5522 502 5564 et
518 5513 547 5564 in
566 5530 680 5581 gesseres
700 5514 746 5569 illo
766 5535 826 5570 casu
844 5521 943 5572 rectius
956 5531 1006 5585 ,est

184 5601 301 5670 dixisse,
311 5597 380 5671 quod
392 5597 508 5650 creditor
523 5606 621 5651 tanturn
637 5598 713 5652 iatam
727 5617 875 5672 personant,
888 5600 915 5656 in
929 5621 1004 5675 quara

386 5679 492 5753 dlrskis'
512 5681 571 5738 Vol.
593 5682 627 5739 V·

487 183 492 198 '
513 221 562 276 ιι
581 213 784 276 ιιιιιιιιιι
803 213 936 272 nactas
956 208 1060 266 ιιιιι
1082 209 1325 268 concuterent
1346 167 1549 271 turnucum.

1783 221 1802 276 1

1065 311 1216 377 consensit,
1234 311 1288 366 sibi
1307 311 1419 368 soluerit
1437 313 1581 384 praeferri,
1599 315 1669 372 salso
1686 313 1740 370 sibi
1756 317 1789 372 ad
1801 225 1891 380 drino.

1063 391 1124 446 dum
1144 395 1228 448 locum
1247 393 1371 466 pignore,
1390 413 1448 465 arg.
1466 399 1493 451 d.
1512 397 1530 450 l.
1549 395 1737 471 12.5.1.Ι.
1759 405 1810 474 qui
1828 415 1888 474 pot.
1987 411 1989 417 '

1063 477 1093 531 ιἰι
1108 479 1183 548 pigra·
1201 478 1251 530 itt
1275 479 1349 548 pund
1365 481 1438 534 inter
1452 497 1500 535 eor
1515 493 1614 536 ιιιιιιιι.
1635 483 1778 539 Posteriori
1797 496 1885 543 autent

1062 576 1121 614 casu
1139 561 1191 627 juri
1202 562 1374 624 -couiormior
1391 574 1431 618 cst
1449 567 1581 621 sententia
1613 565 1698 639 ipsias
1724 568 1884 641 Frentahii,

1060 661 1169 714 eamque
1185 644 1384 704 distinctionem
1402 648 1546 721 approbant
1564 651 1635 705 Pau.
1654 652 1731 707 sort.
1750 655 1810 709 dcc.
1825 659 1887 712 131.

1062 745 1090 780 ιι.
1112 731 1155 778 ιι.
1174 730 1304 786 titascard.
1322 729 1355 782 aie
1370 732 1477 798 probat.
1497 735 1586 788 conci.
1605 736 1684 788 1172.
1702 755 1730 791 ιι.
1749 739 1794 792 11.
1816 759 1887 813 seqq.

1063 812 1164 882 Salgad.
1184 812 1211 866 in
1231 813 1390 889 Labyrinths
1408 817 1481 886 ρ.«,3.
1498 834 1522 870 ι.
1543 819 1587 872 13.
1604 837 1632 872 ιι.
1652 821 1696 875 21.
1720 823 1774 876 Dn.
1796 809 1890 878 ¹Brun·

1063 911 1186 950 neroann.
1206 897 1246 950 od
1261 899 1288 952 d.
1307 897 1325 950 1.
1348 899 1390 950 12.
1410 917 1437 952 ιι.
1456 899 1532 970 &sp
1549 902 1623 974 quii.
1640 907 1713 960 mod.
1729 905 1803 976 piger.
1816 909 1888 962 sota.

1063 981 1147 1048 Quam
1167 979 1320 1034 facilitatem
1340 983 1458 1037 nocivam
1478 984 1554 1036 facite
1572 989 1675 1055 primns
1689 989 1806 1045 creditor
1818 1007 1891 1045 aser-

1065 1073 1118 1118 tere
1139 1067 1249 1136 poterit,
1272 1064 1295 1117 si
1314 1067 1479 1123 consenserit
1495 1069 1564 1122 saise
1581 1069 1622 1142 sni
1640 1069 1760 1140 pignoris
1770 1088 1846 1128 causa
1861 1075 1888 1128 ai.

1062 1147 1080 1200 i.
1099 1147 1123 1200 1.
1143 1155 1165 1210 t.
1185 1151 1208 1200 1.
1226 1146 1252 1212 d.
1271 1145 1290 1202 ι’.
1512 1147 1517 1160 ’
1839 1149 1842 1156 ’

1098 1237 1121 1292 ς.
1140 1231 1186 1282 20.
1208 1232 1260 1284 Sic
1279 1249 1327 1286 nec
1341 1233 1385 1286 itta
1403 1232 1517 1291 facilitas
1541 1237 1605 1296 satis
1623 1247 1676 1292 tnta
1693 1251 1746 1310 est,
1764 1261 1814 1316 qua
1831 1263 1885 1300 cre·
1906 1245 1941 1298 23

1065 1311 1137 1366 ditor
1158 1333 1172 1367 a
1198 1314 1321 1370 debitore
1338 1331 1460 1372 exoratus
1477 1319 1565 1374 reddit
1580 1322 1691 1392 pignus,
1709 1326 1749 1380 sei
1766 1343 1795 1380 ea
1818 1345 1889 1383 rnen·

1061 1407 1089 1449 te
1109 1437 1116 1464 ,
1137 1408 1162 1452 ut
1183 1399 1240 1452 usui
1268 1399 1405 1469 designate
1437 1400 1567 1458 debitoris
1592 1405 1743 1474 toaerures,
1762 1411 1802 1464 rel
1820 1413 1891 1482 quod

1073 1491 1174 1550 putet,
1193 1485 1234 1551 jus
1252 1499 1301 1553 per
1319 1483 1495 1540 redditionem
1515 1503 1566 1540 non
1585 1489 1720 1560 extingui,
1739 1493 1787 1545 sed
1804 1491 1891 1548 instate
1925 1521 1927 1524 ·

1061 1562 1232 1632 hypothecae
1246 1566 1480 1637 praesdebitorrm
1501 1586 1564 1624 esse.
1579 1569 1611 1624 tta
1624 1569 1717 1638 iateor,
1731 1573 1753 1627 ai
1765 1591 1889 1648 expresse

1065 1645 1120 1700 hoc
1140 1659 1228 1704 actare
1248 1649 1327 1704 fuerit
1345 1651 1416 1704 inter
1435 1655 1617 1720 reddendum,
1644 1668 1671 1712 ιι
1696 1659 1738 1726 jus
1767 1661 1888 1730 pignoris

1062 1746 1107 1782 seu
1130 1731 1290 1802 hypothecse
1309 1734 1360 1788 ista
1378 1737 1527 1793 redditione
1545 1757 1597 1794 uon
1616 1741 1710 1796 debeat
1726 1759 1784 1798 esse
1796 1746 1889 1800 subla·

1063 1822 1135 1880 tura,
1155 1827 1225 1870 tutus
1242 1829 1279 1872 est
1298 1818 1356 1890 ipse
1373 1820 1487 1874 creditor
1512 1841 1559 1894 per
1582 1826 1599 1880 i.
1627 1827 1652 1878 9.
1677 1828 1709 1878 in
1732 1833 1785 1894 fisa.
1802 1845 1826 1880 ι.
1857 1831 1891 1885 «ta
1991 1859 1994 1873 =

1061 1897 1165 1967 ιιιιιὶιι.
1186 1901 1262 1972 pigra.
1278 1903 1334 1956 Ito·
1353 1903 1495 1958 Brunnern.
1514 1906 1554 1960 ad
1564 1909 1581 1960 i.
1593 1909 1619 1960 3.
1623 1905 1665 1982 Ι
1676 1908 1708 1963 de
1716 1918 1791 1980 pacti
1809 1913 1891 1966 ttoto

1061 1982 1173 2054 probare
1183 1984 1281 2054 possit,
1291 1983 1361 2055 qnod
1376 2002 1427 2038 non
1442 1999 1533 2042 mente
1547 1989 1699 2042 remittendi
1714 1990 1809 2061 pignos
1828 1994 1890 2068 'red-

1068 2065 1190 2132 diderit,
1210 2068 1256 2120 sed
1275 2067 1336 2136 qnia
1355 2067 1444 2124 eadesu
1465 2069 1567 2126 debitor
1586 2071 1732 2142 indigebat,
1752 2075 1793 2128 sel
1805 2074 1838 2128 sd
1851 2075 1893 2128 ie·

1068 2151 1213 2209 atisitatem
1227 2152 1397 2223 nuptialem,
1415 2156 1454 2208 aet
1473 2154 1505 2207 asi
1523 2156 1602 2209 aliurn
1614 2157 1786 2212 necessarium
1798 2175 1891 2226 ussum,

1063 2252 1130 2300 onus
1148 2236 1369 2307 enim-probandi
1387 2257 1401 2292 a
1420 2255 1449 2290 se
1465 2239 1569 2292 amoliri
1591 2242 1700 2310 nequit,
1717 2242 1841 2312 quonism
1859 2246 1889 2299 iu

1069 2320 1225 2375 redditione
1242 2317 1388 2390 qualificata
1408 2337 1436 2376 se
1453 2320 1544 2377 insidat
1560 2320 1691 2389 creditor,
1708 2334 1736 2379 et
1754 2325 1889 2398 prodebi·

1067 2419 1124 2463 tore
1136 2411 1189 2478 jam
1215 2408 1365 2479 possidente
1383 2410 1568 2480 praesumitur.
1586 2411 1663 2482 Quod
1681 2412 1705 2465 si
1721 2425 1806 2469 autern
1817 2414 1891 2468 bian-

1071 2491 1158 2548 dicati
1177 2493 1298 2548 debitori
1323 2493 1484 2564 simpliciter
1509 2494 1667 2563 reddiderit,
1693 2497 1753 2552 sine
1775 2515 1893 2555 reseras·

1072 2576 1144 2630 tione
1158 2578 1241 2644 juris,
1256 2586 1331 2632 nocet
1345 2577 1398 2632 sibi
1417 2577 1683 2650 creditor,quonism
1697 2583 1814 2655 simplici
1829 2585 1890 2638 red·

1069 2661 1178 2716 ditione
1198 2663 1293 2733 pignus
1313 2672 1435 2716 censetur
1452 2663 1607 2729 remissum,
1627 2666 1644 2720 1.
1667 2668 1692 2718 3.
1707 2665 1749 2736 ff
1767 2669 1888 2739 depost.

1062 2744 1083 2796 1.
1103 2746 1130 2798 8.
1149 2747 1201 2802 itt:
1216 2743 1396 2801 redditionem
1412 2746 1534 2816 pignoris
1558 2747 1597 2800 cai
1612 2758 1660 2802 set.
1679 2749 1762 2818 relisi.
1780 2752 1799 2804 1.
1819 2753 1842 2804 1.
1861 2761 1883 2815 t.

1069 2832 1113 2882 11.
1124 2829 1169 2900 Ι.
1192 2829 1228 2884 aie
1248 2831 1322 2882 liber.
1342 2828 1392 2898 leg.
1410 2828 1533 2881 Frant'als.
1553 2827 1593 2886 nd
1604 2829 1646 2899 Ι.
1668 2831 1708 2886 tit.
1726 2833 1799 2905 qnid.
1818 2837 1891 2890 meri.

1062 2917 1143 2986 pigra.
1153 2897 1228 2970 sciit.
1241 2934 1267 2967 n.
1282 2915 1327 2966 dl).
1339 2928 1411 2984 seqq.
1423 2911 1543 2988 beuter-b.
1555 2913 1680 2982 dispiciat.
1690 2916 1723 2969 de
1735 2915 1892 2989 tort'topnct.

1069 3000 1172 3055 remiss.
1183 3018 1221 3054 ιι
1234 3000 1329 3054 residat.
1340 2999 1455 3066 cancer.
1472 2997 1509 3048 ιΙι.
1524 2999 1567 3051 18.
1580 2997 1722 3068 Negusant.
1733 3000 1767 3054 tir
1777 3003 1887 3074 pignor.

1065 3086 1181 3140 membr.
1201 3085 1229 3136 3.
1252 3092 1327 3155 part.
1346 3081 1372 3134 d.
1392 3099 1420 3134 ιι.
1437 3082 1480 3134 23.
1498 3081 1627 3138 idascard.
1644 3083 1677 3137 de
1696 3085 1804 3153 probat.
1827 3103 1893 3140 ιοιι-

1063 3171 1129 3225 clus.
1149 3170 1230 3222 stra.
1250 3187 1276 3222 ιι.
1296 3164 1339 3221 tt.

1099 3260 1120 3316 ς.
1138 3255 1182 3306 21.
1211 3253 1338 3324 Sequitur
1363 3253 1431 3320 jam,
1458 3258 1487 3304 ιι
1509 3249 1714 3306 consideremus
1745 3263 1890 3318 emptorem
1910 3281 1945 3334 23

1063 3337 1269 3392 versalitoremoe
1287 3335 1406 3402 ciuilemp
1425 3335 1501 3387 illum
1518 3334 1587 3405 qttcd
1603 3337 1731 3402 attinet,
1750 3354 1811 3394 snae
1828 3341 1892 3393 dam

1064 3425 1154 3476 studet
1166 3421 1309 3504 civilitati,
1329 3420 1481 3474 indecorum
1501 3420 1554 3473 sibi
1568 3429 1661 3491 putat,
1674 3423 1788 3476 multum
1801 3442 1895 3495 urgere

1065 3521 1121 3580 reru
1129 3506 1258 3560 issionem
1271 3504 1365 3574 pretii,
1379 3503 1424 3556 sed
1444 3502 1528 3572 potius
1546 3505 1686 3558 emendum
1706 3507 1787 3574 tanti,
1800 3511 1892 3577 quanti

1065 3588 1145 3641 alter
1165 3589 1258 3642 soluit.
1276 3587 1399 3641 Nocisaro
1418 3585 1487 3639 hanc
1504 3603 1562 3639 esse
1580 3589 1732 3643 cisilitstem
1751 3593 1891 3646 satiscon·

1064 3677 1116 3722 stat
1133 3685 1167 3722 ex
1186 3685 1237 3734 eo,
1259 3668 1338 3739 qnod
1358 3677 1387 3720 nt
1406 3677 1496 3738 postea
1514 3669 1605 3724 cisilis
1624 3681 1727 3742 emptor
1749 3673 1894 3730 siderites

1064 3753 1171 3823 egregie
1193 3756 1311 3815 laenam,
1330 3763 1417 3806 tamen
1436 3763 1597 3808 contractum
1617 3773 1734 3811 remeare
1745 3767 1771 3810 et
1782 3778 1797 3812 a
1810 3755 1894 3836 placi-

1070 3835 1105 3888 tis
1126 3837 1206 3888 semei
1226 3834 1365 3888 manentis
1386 3833 1508 3887 recedere
1525 3853 1577 3890 nun
1597 3838 1695 3908 possit,
1713 3839 1792 3893 etiam
1809 3843 1893 3913 pretio

1070 3921 1195 3976 nondum
1217 3919 1486 3975 saturatione
1509 3939 1537 3975 o.
1563 3933 1589 3975 et
1612 3941 1638 3976 ι.
1660 3941 1702 3994 pr.
1717 3925 1745 3996 J'·
1764 3925 1796 3979 da
1814 3928 1892 3998 obiig.

1068 4015 1142 4077 quoe
1153 4023 1193 4058 ιι·
1205 4019 1327 4058 consens.
1347 4005 1488 4058 noluerant
1503 4005 1574 4058 enirn
1592 4007 1650 4074 jura
1663 4006 1696 4059 ob
1708 4009 1825 4076 quamuis
1836 4011 1889 4063 lae-

1064 4093 1167 4146 sionem
1188 4091 1291 4145 statim
1312 4090 1497 4143 rescissionem
1515 4100 1661 4144 contractus
1679 4093 1833 4160 conmdere,
1847 4095 1892 4147 sed

1065 4176 1166 4234 licitum
1182 4185 1224 4230 est
1238 4173 1405 4228 naturaiiter
1423 4173 1641 4228 contrahentibus
1658 4187 1740 4230 semet
1752 4177 1894 4232 circumre-

1067 4259 1134 4314 nire.
1151 4261 1171 4314 1.
1191 4261 1234 4312 td.
1253 4257 1294 4328 Ι.
1313 4256 1347 4310 de
1365 4259 1466 4310 mriscr.
1496 4272 1576 4325 nsque
1604 4257 1637 4310 ad
1669 4257 1810 4314 dimidium
1828 4263 1892 4330 justi

1064 4344 1149 4414 pretii
1170 4345 1189 4396 1.
1208 4345 1233 4396 2.
1254 4343 1289 4396 aie
1300 4343 1415 4398 rescituri.
1433 4340 1510 4397 read.
1529 4343 1584 4397 aid.
1602 4341 1698 4414 disput.
1717 4343 1762 4398 du.
1773 4346 1892 4403 Praesid.

1064 4431 1098 4483 cle
1119 4425 1228 4478 dimac
1246 4425 1300 4480 ret.
1318 4424 1404 4480 atiien.
1421 4424 1493 4479 licite
1516 4425 1592 4479 iilos:
1608 4442 1667 4498 cap.
1685 4426 1710 4480 d.
1729 4446 1757 4479 n.
1778 4429 1802 4480 3.
1820 4445 1891 4502 seqq.

1063 4524 1109 4568 aut
1127 4511 1249 4565 venditor
1267 4511 1401 4580 reciproca
1430 4509 1559 4564 civilitate
1586 4511 1626 4565 nti
1652 4511 1728 4575 celita
1753 4511 1821 4584 qnod
1846 4516 1892 4569 sits

1065 4594 1242 4666 sperandum,
1262 4593 1439 4664 periculosius
1457 4595 1544 4666 potius
1562 4603 1619 4660 est,
1638 4611 1684 4666 spe
1703 4605 1811 4650 maatnae
1825 4599 1890 4651 ciii-

1065 4677 1151 4732 titatis
1168 4677 1268 4748 aliquid
1286 4677 1387 4745 iacere,
1404 4695 1463 4732 cussa
1482 4680 1635 4750 saepissime
1654 4681 1723 4733 nihii
1746 4685 1886 4738 commodi

1065 4761 1127 4818 inda
1145 4763 1212 4816 alter
1229 4763 1357 4832 recipiat,
1372 4780 1454 4834 quam
1473 4763 1542 4834 quod
1555 4765 1618 4818 alter
1629 4764 1736 4818 civilior
1748 4767 1887 4835 praedice-

1067 4856 1129 4912 tnr;
1149 4845 1268 4915 adeoque
1284 4846 1354 4900 t'orte
1370 4855 1497 4916 praestat,
1520 4848 1674 4918 :principiis
1699 4849 1822 4916 obstare,
1838 4853 1889 4905 ibi-

1064 4947 1114 5004 que
1127 4947 1231 4995 csaere,
1242 4939 1369 5001 quantum
1380 4933 1437 5000 jara
1451 4931 1609 5001 permittunt
1621 4967 1629 4994 ,
1641 4932 1690 4986 huc
1702 4933 1819 4988 similive
1831 4953 1888 4990 mo-

1066 5013 1116 5080 do,
1133 5013 1273 5068 saturica
1286 5015 1353 5068 ader
1377 5013 1519 5086 befiraden,
1532 5012 1581 5068 dns
1593 5015 1643 5069 sier
1653 5016 1788 5086 Kneqffer
1804 5019 1889 5075 daret

1065 5095 1160 5165 itzigsn
1180 5107 1304 5150 contritot
1321 5096 1429 5150 siemlila
1447 5097 1562 5152 taedtras
1580 5097 1684 5162 wtirde,
1697 5101 1764 5154 solie
1789 5119 1820 5156 ιι·
1831 5101 1886 5156 die-

1063 5199 1109 5236 sen
1127 5177 1261 5250 Koqffsn
1278 5183 1369 5236 lactea
1388 5181 1463 5236 nieht
1480 5181 1635 5237 verbunden
1654 5202 1738 5254 seyn,
1751 5185 1786 5240 oi
1798 5186 1887 5257 giaicia

1063 5267 1135 5320 diere
1151 5265 1268 5322 loesiots
1291 5268 1347 5322 sicli
1372 5269 1421 5340 bey
1447 5269 1541 5325 medan
1567 5269 1642 5325 cirisi
1664 5287 1704 5322 nn
1727 5271 1771 5325 dic
1788 5271 1884 5343 haime

1064 5349 1215 5406 erstreciset·

1097 5441 1118 5496 t.
1131 5433 1173 5486 22
1193 5435 1277 5501 Maius
1293 5433 1378 5488 adhoc
1386 5433 1512 5498 damnum
1522 5435 1635 5492 incurrit
1645 5445 1766 5510 emptor,
1778 5439 1800 5492 si
1819 5455 1877 5492 eum
1904 5443 1941 5496 27

1060 5517 1179 5587 paenitet
1189 5515 1350 5574 diffidereet
1360 5517 1494 5588 inquirere
1504 5519 1674 5594 diligentius,
1689 5540 1722 5576 sn
1735 5537 1779 5576 res
1791 5539 1885 5576 emea-

1060 5601 1092 5654 da
1110 5601 1241 5674 pertineat
1260 5602 1292 5659 ad
1311 5601 1493 5674 venditorem,
1510 5605 1532 5660 si
1551 5621 1624 5742 cnsp8
1633 5604 1714 5678 pudet
1731 5607 1879 5668 cantionem
