4446 6220
396 265 451 320 011
949 265 1138 321 oiseota'r.
1155 266 1229 320 xiii.
1247 265 1366 323 CAPUT
1383 270 1431 324 Π.
1925 269 1979 323 ild

344 356 466 416 orooiniii
484 351 611 426 opiaiwe
630 371 679 426 pto
696 351 810 410 maxims
827 349 928 424 iniuria
945 356 1073 423 hahetur,
1087 359 1162 414 Paris
1246 370 1268 426 ς.
1288 362 1333 418 tt.
1351 365 1434 418 Porro
1446 362 1504 430 illl,
1515 363 1561 435 qni
1579 381 1613 420 ex
1631 363 1799 420 rimoieihiis
1811 381 1903 420 ranem
1922 367 2034 434 gloriata
2055 361 2096 414 ²⁹

290 433 325 488 25
344 443 377 496 de
400 443 459 496 Piri·
477 438 512 496 de
529 459 558 494 re
577 441 659 494 iiiili't.
676 457 734 508 cap.
752 441 780 494 iu
796 458 889 512 pugno
898 433 984 511 fecti
1002 461 1030 496 ri.
1049 444 1074 495 t.
1093 445 1161 514 Qua·
1213 457 1360 509 sectentur,
1379 447 1403 499 si
1422 463 1451 499 se
1469 448 1542 518 ipsos
1559 450 1712 510 vulnerent,
1732 465 1786 500 ooo
1804 465 1880 500 secus
1901 449 2031 516 puniendi
2177 438 2182 447 ’

346 536 518 594 teonspoiro
537 523 712 591 inaspectum
731 521 800 578 redit
823 523 927 592 linqua,
945 523 979 576 ile
997 525 1045 578 liae
1063 543 1161 580 raeroo·
1213 539 1292 582 erunt
1309 548 1339 581 ao
1358 529 1380 581 si
1401 531 1482 582 aliurn
1502 532 1691 585 voluer-assent.
1709 549 1761 598 arg.
1780 533 1798 583 t
1818 533 1844 583 ³.
1864 539 1886 594 ι
1904 534 1931 582 o.
1948 529 1982 598 ᾖ
2001 533 2033 586 de

346 617 405 663 ratu
423 605 552 676 dignum,
568 605 656 676 qnod,
673 605 720 676 qui
738 605 790 660 sibi
808 606 863 676 ipsi
881 606 997 676 linguam
1017 609 1162 676 abscindit,
1185 541 1191 664 Ι
1213 612 1279 666 ion.
1290 629 1348 666 eor.
1360 612 1409 683 qui
1419 625 1478 666 orit.
1495 625 1565 668 sarit.
1577 616 1596 668 1.
1609 617 1635 668 h·
1650 625 1672 677 ς.
1682 616 1709 667 i.
1717 614 1758 682 J.
1772 613 1806 667 de
1818 631 1849 667 re
1865 615 1944 665 urili't.
1957 615 1973 667 l.
1987 617 2031 666 38.

348 707 382 744 ne
393 685 515 744 confiteri
533 690 627 760 possii,
641 707 689 760 pro
706 689 826 744 confesso
837 690 980 754 habeatnr,
991 691 1094 760 qoaorlo
1113 691 1165 748 luit
1213 697 1289 754 §.12
1301 695 1334 764 ff.
1346 695 1468 764 deposci.
1483 699 1607 752 Thornai.
1625 700 1777 752 Germanas.
1790 701 1820 748 a'a
1838 698 1919 752 dreis.
1934 717 2034 768 ricopo-

347 773 376 826 in
393 772 514 844 flagranti
531 773 647 826 erimine
664 771 851 843 deprehensns·
876 773 997 828 Bonifac.
1021 777 1113 830 viiett.
1131 778 1165 830 de
1212 780 1253 830 lit.
1276 778 1319 831 ll.
1340 798 1365 831 rr.
1385 781 1412 830 t.
1435 778 1543 832 Publica
1561 781 1635 834 enim
1663 781 1786 840 interest,
1812 780 1913 830 nullius
1936 777 2032 830 faciens
2054 790 2093 839 30
2190 766 2202 783 ⁸

347 857 466 930 malefic·
484 856 525 910 lii·
543 857 705 929 δεύιιιιὲιίι.
723 859 806 913 tulf·
819 858 906 912 Ceter-
920 862 1044 927 e'nprort·
1056 861 1163 916 crimin.
1213 879 1271 916 esse
1289 863 1447 916 horrendam
1466 873 1589 932 aspecto,
1608 882 1667 915 cirus
1689 864 1738 916 lioo
1762 862 1839 916 fairils
1856 863 1886 913 iii
1904 863 2035 925 alionirii,

346 941 380 996 de
398 953 506 998 tortarii
523 938 549 1012 5.
568 961 593 995 o.
604 942 713 996 tertiani
732 943 862 998 iiidi'es'aet
880 962 908 996 ii.
919 943 966 996 13.
981 944 1103 998 Procedit
1115 946 1164 1000 hoo
1214 951 1355 1018 praecipias
1373 947 1574 1017 praegnantium
1590 947 1697 1000 tendere
1714 948 1801 1019 possit
1818 947 2034 1010 iooomsnoiluing

344 1028 424 1080 etiam
446 1026 475 1080 iii
494 1036 640 1092 comiato,
658 1029 703 1099 qui
724 1029 821 1082 timore
840 1035 1028 1086 tormentoruni
1048 1031 1100 1082 silii
1112 1032 1165 1082 lio·
1213 1049 1262 1084 iiee
1279 1033 1330 1084 elia
1348 1030 1416 1084 rstio
1432 1029 1550 1094 subfuit,
1563 1047 1610 1082 our
1627 1028 1747 1084 divionis
1765 1045 1863 1082 nuroeo
1879 1046 1926 1098 per
1940 1031 2033 1082 lloseu

345 1126 420 1176 goarii
440 1108 587 1175 abscindit,
605 1111 676 1164 Petr.
692 1111 791 1166 Ciball·
802 1110 923 1166 iuraret.
937 1115 1013 1165 criiiu
1030 1131 1086 1166 ees.
1099 1116 1165 1166 218.
1214 1116 1398 1186 prohibuerit,
1416 1132 1450 1167 os
1466 1113 1632 1184 delinquenti
1648 1115 1718 1166 ultra
1745 1115 1790 1167 to.
1807 1117 1897 1183 plagas
1915 1111 2035 1166 inferan-

346 1203 414 1248 απτ.
432 1195 458 1245 ll.
477 1195 580 1248 Subiit.
598 1193 727 1248 Giiaixiu.
743 1207 823 1250 met
833 1198 872 1250 ecl
888 1195 946 1264 des·
957 1195 1078 1268 iuueni&
1089 1209 1164 1268 part.
1188 1201 1192 1210 “
1214 1211 1269 1262 tue,
1284 1199 1337 1252 nisi
1351 1208 1380 1251 ιιι
1398 1208 1596 1268 praecareatui,
1616 1213 1651 1250 rie
1659 1195 1737 1250 focile
1747 1197 1875 1250 laceratos
1894 1204 1957 1248 ante
1973 1211 2036 1247 onii·

347 1280 372 1330 t.
384 1273 439 1346 def.
452 1278 519 1332 dat.
531 1279 576 1332 io.
1212 1286 1253 1336 los
1271 1285 1385 1338 sliornra
1404 1284 1502 1337 abiret.

292 1353 327 1404 Ἀ
379 1366 401 1423 ς.
420 1362 465 1412 11.
482 1359 609 1432 Erpilsos
632 1362 706 1418 alteri
731 1361 838 1418 hisham
869 1367 909 1419 rel
926 1367 1053 1436 capillos,
1073 1365 1107 1420 ita
1125 1376 1164 1420 ta-
1250 1369 1337 1434 §lh
1359 1369 1438 1421 l’liira
1457 1366 1577 1420 excludit
1593 1363 2036 1436 teraporiiarigustiamnjusquo·
2055 1375 2089 1424 31

345 1460 422 1508 riseri,
442 1456 469 1498 ut
489 1447 595 1516 sanguis
619 1463 672 1500 nori
695 1456 784 1512 exest,
804 1459 910 1504 tenatur
931 1451 999 1520 parti
1023 1449 1057 1502 ad
1078 1451 1122 1501 io.
1138 1459 1166 1504 et
1213 1467 1265 1518 que
1282 1450 1385 1503 intuito
1404 1449 1498 1501 mitius
1517 1450 1630 1503 alioruin
1647 1449 1683 1500 ds
1698 1465 1778 1519 opera
1796 1447 1875 1499 hince
1892 1456 1982 1500 nostra
1992 1449 2034 1514 jn·

346 1521 414 1582 fitoo
431 1528 465 1583 ad
482 1528 526 1580 2⁰.
539 1529 622 1583 libras
636 1531 698 1596 §.tt'
707 1529 767 1602 qiit‘t
776 1531 903 1603 aliquem.
919 1535 1025 1600 depasce
1036 1535 1164 1587 urende.
1213 1533 1314 1586 dicium
1326 1549 1430 1603 sperem
1445 1533 1537 1586 audeo.
1555 1533 1618 1586 Tihi
1635 1549 1697 1587 reto
1713 1533 1817 1602 optiixe
1835 1532 1907 1582 Deus
1925 1548 1977 1600 pro
1989 1531 2038 1584 be·

349 1610 461 1681 ised.
474 1613 519 1666 2¹1.
531 1611 630 1672 hodor·
649 1613 761 1670 Pontio.
778 1635 886 1670 mnan.
898 1619 998 1688 singul
1016 1617 1078 1669 568.
1090 1618 1166 1671 Hanc
1215 1617 1373 1685 uiguissiiiie
1387 1616 1534 1670 storlioeiiix
1553 1616 1739 1670 benedictione
1755 1629 1840 1684 grates
1852 1615 1971 1684 persnlro
1984 1614 2038 1666 ins·

345 1708 435 1752 siitem
458 1715 570 1769 posnani
594 1698 727 1768 aggravari
752 1717 830 1771 posse
855 1702 946 1754 nullus
964 1699 1075 1763 dnhito,
1095 1703 1119 1754 si
1136 1703 1165 1755 iii
1216 1700 1355 1763 nortales,
1374 1699 1526 1752 humillime
1543 1715 1655 1768 rogans,
1673 1716 1707 1749 rie
1731 1697 1824 1750 t'ssiem
1850 1706 1968 1750 xostrarn
1988 1714 2038 1747 uii-

346 1782 403 1836 looo
420 1793 495 1838 certo
512 1781 607 1852 flagitii
622 1781 725 1850 signnm
739 1794 793 1842 est.
806 1784 937 1854 praecisas
950 1801 1038 1837 coinas
1056 1783 1165 1849 hahere,
1215 1801 1294 1852 qoaui
1314 1785 1353 1838 rel
1372 1786 1575 1854 paeteritorum
1598 1783 1700 1853 pudore
1725 1783 1836 1847 ruheree
1854 1783 1895 1834 rel
1913 1799 2040 1852 praesen·

298 1867 334 1920 at
353 1879 378 1922 et
393 1865 490 1936 eliquit
507 1865 651 1922 honestiori
669 1866 781 1938 capillos
798 1868 835 1920 ita
852 1867 953 1920 erellat.
966 1866 1044 1936 Quod
1062 1869 1086 1920 si
1103 1869 1164 1938 quis
1217 1871 1283 1922 tium
1301 1868 1500 1938 futurorumque
1520 1878 1593 1922 iiietn
1610 1867 1788 1936 expallescere
1806 1871 1893 1928 sinas,
1913 1863 1959 1916 sed
1978 1883 2039 1934 gra·

347 1965 396 2023 per
413 1949 522 2002 hirhsn
542 1951 655 2004 liberum
673 1950 810 2004 hominem
835 1950 864 2003 ln
882 1953 940 2003 rixa
960 1959 1058 2005 tantoris
1076 1951 1163 2022 capiat
1217 1959 1280 2008 tiara
1297 1966 1366 2007 isara
1379 1955 1487 2009 coelitus
1499 1954 1576 2007 nobis
1594 1951 1776 2022 impertiaris,
1787 1969 1840 2020 quo
1859 1950 1969 2018 posthae
1980 1949 2037 2016 glo-

348 2037 407 2088 sine
423 2033 605 2104 expilatione,
624 2035 650 2088 h.
668 2033 764 2088 soliilis
782 2035 909 2088 moliatur
925 2036 955 2088 d.
969 2031 993 2104 5
1004 2035 1030 2088 aa·
1040 2035 1101 2105 quis
1111 2036 1165 2087 iili·
1216 2038 1272 2091 eiae
1290 2037 1410 2090 uoiaiuis
1428 2037 1467 2090 tui
1485 2048 1513 2090 et
1530 2035 1609 2088 ralati
1624 2033 1742 2105 proximi
1755 2034 1884 2086 inseruire
1894 2032 2037 2085 raleaioiis.

347 2135 435 2189 pueri.
457 2117 514 2174 rid.
534 2119 607 2173 Pete.
622 2118 732 2188 Greqoe.
750 2118 893 2172 Tholosao.
909 2118 940 2172 ie
960 2128 1095 2190 syncopae.
1105 2119 1167 2191 jur·
1220 2120 1254 2172 ht
1271 2129 1317 2181 tn,
1328 2118 1452 2172 bmerola
1468 2121 1567 2185 lexim,
1581 2119 1698 2186 integra,
1712 2118 1740 2169 h.
1757 2134 1782 2170 s.
1800 2135 1854 2169 ooo
1871 2117 2038 2169 calumniosa

350 2203 470 2258 ιιιιίιιιτ.
484 2202 504 2253 l.
523 2203 567 2256 88.
585 2202 625 2256 ti't.
645 2203 671 2255 ³.
688 2221 717 2254 ii.
736 2202 780 2254 ld.
795 2219 851 2272 rep.
871 2203 944 2272 Quae
963 2202 1063 2264 molta,
1082 2203 1121 2254 oti
1139 2221 1169 2255 o·
1217 2202 1303 2258 fronte
1321 2203 1368 2254 lias
1385 2204 1499 2273 pagellas
1515 2203 1633 2273 inspice,
1644 2211 1672 2254 et
1688 2205 1711 2252 si
1730 2215 1832 2254 errores
1851 2199 1921 2252 inihi
1940 2200 2041 2268 ilepre-

351 2301 427 2338 rxoes
437 2286 506 2354 juris
518 2285 607 2338 civilis
618 2302 717 2356 poenae
728 2284 915 2357 pecuniarias,
927 2285 1007 2338 hodie
1018 2294 1115 2338 mutata
1126 2295 1168 2338 est
1218 2287 1358 2352 eramen,
1377 2287 1508 2342 humanas
1525 2285 1606 2340 sortis
1624 2299 1726 2337 mernor
1742 2283 1859 2346 existes,
1877 2282 1936 2344 esi,
1955 2290 1986 2332 rit
1995 2297 2041 2330 ei-

297 2355 333 2415 28
352 2365 381 2419 in
400 2366 578 2422 arbitrariam.
596 2368 628 2424 Si
644 2377 732 2422 rouo
758 2368 865 2438 sanguis
886 2386 937 2439 per
959 2371 1037 2422 talem
1055 2369 1169 2423 ernisiu-
1216 2389 1276 2426 rare
1299 2371 1474 2434 facillimum,
1492 2373 1531 2426 its
1554 2382 1583 2424 st
1606 2365 1742 2422 erroribus
1766 2365 1872 2422 mnia·
1891 2364 2042 2418 indulsisse

352 2465 413 2506 nerii
432 2449 623 2522 profundatur,
642 2452 775 2506 tsneliiter
793 2453 907 2508 erellesi
931 2452 965 2504 ad
984 2469 1092 2522 mensio
1115 2463 1169 2507 sta·
1215 2457 1325 2510 omnino
1342 2459 1473 2511 consunt-

355 2535 476 2590 tntariani
496 2536 552 2590 illis
575 2535 714 2599 dictatam,
731 2537 779 2606 qui
802 2537 955 2606 sanguinein
980 2537 1091 2592 alterins
1108 2543 1168 2593 aine

355 2619 432 2690 eriri
448 2621 556 2677 sotius
572 2618 692 2674 eliciunt.
709 2621 784 2689 soleo
799 2621 845 2674 ein
862 2616 1028 2688 Blatsresel.
1538 2622 1565 2676 ἃ
1603 2620 1638 2672 D.
1672 2617 1709 2672 G.

777 2805 1109 2880 insomnio
1141 2810 1353 2888 DECIMA
1386 2807 1612 2902 otiam

555 2985 1836 3111 ffihihhlhdhfflhihssffl

881 3214 924 3258 io
946 3217 1023 3259 ιιιι
1045 3217 1207 3280 inonsrrp
1222 3218 1306 3262 asro
1330 3217 1515 3261 nciam.

1029 3379 1383 3422 repercussu

709 3512 919 3586 navio
957 3511 1325 3600 sonoriora,
1363 3506 1687 3580 tonsuris.

926 3799 1486 3846 ψ

1100 4021 1134 4088 1.
1177 4019 1217 4088 lt.
1262 4018 1296 4090 J.

439 4287 478 4355 oi
501 4285 610 4354 thema
632 4283 800 4377 quoddam
820 4292 995 4374 exponunt
1020 4279 1171 4372 puhiioe‚
1192 4280 1229 4344 iii
1258 4275 1578 4345 commendationem
1608 4273 1765 4342 milesiae
1793 4288 1975 4341 excurrunt
1999 4277 2037 4342 in

369 4401 594 4457 ιιιιεοιιιιιιιι,
620 4387 655 4442 el
677 4375 820 4442 favorem
849 4373 979 4440 lectoris
1009 4372 1186 4437 verborum
1218 4368 1391 4434 lenociniis
1417 4383 1592 4456 aucupant.
1626 4363 1700 4456 Ego
1728 4365 1754 4429 si
1786 4377 1970 4452 ntrniiiqne
2001 4367 2038 4430 iii

370 4489 522 4566 praesens
542 4465 703 4542 omisero,
725 4486 780 4529 irie
801 4477 985 4530 escnsatnos
1009 4459 1078 4526 fore
1099 4479 1187 4525 reor.
1209 4457 1381 4524 Thematis
1403 4454 1585 4522 exhibendi
1610 4455 1849 4532 necomitatem,
1872 4455 1957 4518 milii
1975 4457 2040 4520 ini·

415 4570 503 4628 nont
524 4554 646 4643 recepti
667 4553 922 4622 universitatum
945 4571 1069 4628 mores,
1092 4549 1152 4639 qni
1176 4547 1216 4612 ad
1241 4545 1378 4614 honores
1400 4545 1581 4611 admittunt
1603 4545 1793 4622 neminem,
1811 4543 1873 4608 nisi
1897 4545 1958 4634 qui
1977 4569 2040 4633 pii·

370 4587 460 4720 hiico
481 4643 638 4712 conflictu
661 4646 696 4712 in
739 4643 791 4705 nii
813 4643 900 4707 rircs
922 4640 1123 4730 probauerit.
1148 4635 1320 4702 hloteriain
1336 4636 1593 4728 suppeditarunt
1617 4633 1807 4724 frequentes
1827 4633 1972 4722 desuper
1988 4635 2042 4698 isi-

370 4756 423 4810 ter
444 4736 618 4806 creditores
638 4745 673 4801 et
694 4665 860 4796 dibitores
889 4742 997 4794 motae
1026 4727 1284 4809 controversiae,
1301 4728 1382 4793 dum
1412 4723 1664 4792 satisfactionem
1693 4720 1745 4787 illi
1777 4746 1797 4786 n
1859 4735 1913 4802 nt,
1938 4722 1973 4788 hi
2006 4747 2042 4788 sc

371 4827 563 4900 satisfecisse
592 4819 822 4928 praetendunt.
845 4817 910 4884 lieo
941 4819 976 4883 iri
1006 4831 1162 4908 proniptn
1191 4815 1335 4882 debitori
1364 4838 1493 4904 semper
1522 4813 1681 4904 pecnnia,
1704 4827 1743 4876 nt
1767 4835 1806 4878 so
1823 4811 1940 4876 titione
1964 4835 2040 4880 sea

374 4945 465 4990 nexu
487 4913 604 4984 crediti
626 4911 760 4990 liberet,
775 4933 878 5000 quare
902 4908 965 4973 alia
988 4929 1072 4996 opus
1093 4908 1350 4994 satisfactione,
1371 4927 1459 4994 quae
1476 4917 1649 4992 eapropter
1670 4923 1689 4965 a
1712 4898 1875 4965 solutione
1897 4901 2040 4967 diuersa.

372 5013 468 5080 lianc
490 5027 583 5097 ergo,
606 4999 833 5070 satisfacturus
854 4997 1085 5088 amplissimae
1092 4997 1285 5086 facultatis
1299 4993 1475 5100 juridicus
1496 4993 1644 5070 statutis,
1667 4987 1710 5055 de
1731 4987 1952 5056 satisfactione
1975 5013 2044 5056 ma·

373 5102 511 5178 teriam,
534 5093 578 5161 ob
600 5115 711 5172 snam,
733 5113 801 5180 qua
826 5091 862 5154 iri
886 5089 955 5154 foro
977 5111 1114 5178 quoque
1138 5085 1236 5176 pollet
1266 5087 1442 5152 utilitatem
1466 5103 1544 5173 prae
1573 5079 1726 5158 caeteris,
1749 5101 1793 5145 ex
1822 5102 1921 5145 siiisii
1943 5079 2042 5146 Pauli

375 5197 413 5261 iii
438 5191 463 5262 1.
491 5187 547 5255 25.
559 5184 607 5276 ff.
630 5181 666 5248 d.
689 5177 788 5246 liber.
811 5177 926 5267 legat,
949 5175 1039 5267 quod
1062 5175 1254 5267 quotidiana
1278 5193 1312 5241 et
1342 5173 1445 5242 mavis
1473 5171 1667 5250 nuenarii,
1690 5167 1824 5258 plenius
1848 5171 1919 5236 sirit
1940 5169 2044 5234 attin·

374 5281 501 5377 gendo,
522 5275 619 5368 clegi.
642 5269 790 5338 llahebis
811 5283 921 5336 anterii
946 5269 969 5336 1.
992 5267 1026 5334 h.
1049 5267 1190 5356 opellam
1215 5268 1327 5358 paucis
1349 5229 1507 5330 indicem
1532 5259 1675 5350 paginis,
1692 5257 1840 5348 qnippe,
1855 5257 2046 5364 urgentcid

376 5371 536 5465 temporis
559 5366 703 5444 ratione,
718 5384 806 5466 qnae
828 5359 958 5450 longam
982 5355 1260 5448 intercapedinem
1284 5373 1318 5423 et
1338 5355 1402 5420 alis
1425 5364 1558 5444 propter
1579 5357 1789 5450 concatenata
1812 5367 1946 5454 oegoiip
1968 5369 2046 5438 pro-

376 5463 543 5532 lixitatem
565 5479 634 5522 non
656 5451 805 5532 admisit,
828 5446 1071 5540 properandum
1097 5445 1181 5512 mihi
1205 5447 1280 5512 fuit.
1302 5443 1429 5510 idcirco
1457 5442 1484 5508 si
1510 5461 1576 5504 noo
1607 5459 1719 5503 omnia
1747 5457 1895 5540 reperias
1916 5436 2047 5542 lirasta,

379 5565 438 5622 ant
462 5551 571 5644 palato
593 5559 652 5612 trio
675 5541 875 5618 arridentia,
897 5538 1029 5604 reniam
1052 5535 1135 5604 milii
1160 5538 1316 5628 promitto
1337 5533 1567 5623 largissimam,
1590 5525 1679 5617 qnod
1702 5549 1836 5627 animus
1857 5529 2050 5630 saepissime

379 5645 484 5718 fuerit
506 5642 729 5726 interruploi,
746 5629 910 5699 nedicam
933 5627 969 5694 io
997 5641 1160 5695 momento
1183 5629 1226 5720 iil¹
1246 5627 1352 5692 aliens
1376 5623 1564 5690 abstractus.
1589 5617 1661 5684 loro
1675 5619 1834 5684 ominbus
1848 5617 2047 5702 satisfacere,
