4446 6220
360 225 415 278 ets
823 205 1011 264 ntsrttrt'r.
1029 204 1089 260 Xil.
1106 197 1249 259 sttstntt.
1267 201 1303 254 ll.
1323 201 1419 258 SECT.
1438 201 1473 260 tt.
1880 199 1933 254 sil

303 321 394 376 suenio
411 317 495 390 quoad
514 315 636 370 effectum
656 309 847 368 eiudr'oorienis
864 317 965 362 certum
985 319 1057 369 esse,
1075 301 1121 356 sesi
1170 301 1267 354 aliena.
1284 297 1421 354 Caeterum
1445 299 1596 354 conclusere
1613 295 1710 351 exinde
1722 295 1891 366 interpreter,
1907 295 1994 348 mot-

303 415 330 460 nt
350 404 433 478 quoad
452 399 682 473 hypothecariam,
699 407 725 450 et
744 394 873 447 actionem
902 405 935 444 ιι
959 388 1083 460 stipulatu
1103 385 1122 437 i.
1171 385 1245 437 ninia
1265 385 1396 454 portionis
1414 383 1546 439 divisione
1557 383 1737 452 musruqeutta
1749 393 1828 435 eartru
1839 380 1991 452 oppreben·

299 509 326 546 e·
346 501 375 545 ut
392 489 482 545 eradat
501 505 553 540 neu
573 495 674 539 tantum
695 481 803 555 perpria
822 477 960 540 mulieris,
976 473 1121 529 oedacco-
1171 469 1278 523 siccem
1296 470 1427 536 transire,
1446 479 1473 524 et
1490 472 1617 543 queniam
1634 471 1676 537 ins
1695 469 1866 522 traditionem
1879 475 1905 520 et
1918 481 1992 519 acce·

297 576 368 630 cutte
384 592 437 629 uun
454 582 572 635 eertum,
590 569 647 622 uisi
666 583 699 620 ex
722 567 748 619 d.
774 565 791 620 l.
816 563 860 618 iil.
882 561 1030 616 Videbatur
1047 559 1120 613 enim
1171 551 1288 624 ptionem
1309 571 1361 607 uon
1379 555 1532 626 requisiait,
1551 555 1591 606 uti
1610 553 1675 606 alias
1690 571 1723 608 ea
1735 551 1754 604 l.
1769 553 1814 602 Ἃ).
1825 571 1849 606 c.
1861 549 1995 618 depactis

301 657 416 713 dctsiem
435 673 492 710 ιιιιι
513 671 566 707 non
585 670 657 717 esse,
675 649 736 721 quia
757 657 815 720 post
836 647 925 700 dotem
951 644 1119 696 constitutam
1171 637 1365 704 necessarium,
1385 638 1534 692 dominium
1548 637 1711 707 adjudicatae
1725 634 1993 712 portioniss'paoiore

300 741 423 812 acqatiaita
441 736 532 790 inisset
542 773 551 800 ,
567 734 689 805 quamuis
706 746 738 785 ιι
755 730 863 802 pecnnia
879 727 969 780 dotali.
984 725 1122 780 consentit
1172 724 1303 787 transire,
1321 723 1344 776 si
1365 722 1491 777 habeatnr
1509 733 1645 794 respectus
1664 723 1695 776 ad
1715 719 1863 775 dominium
1878 717 1916 771 rei
1929 717 1995 768 alte·

300 827 382 896 iqitur
399 825 466 878 Aur.
479 821 585 882 Faber,
606 819 631 872 d.
650 819 669 870 l.
690 816 733 870 nt.
752 813 833 868 statui
851 829 907 867 rem
927 809 1035 865 caedere
1049 807 1119 862 deta-
1172 807 1242 874 rins,
1260 807 1329 878 quod
1348 809 1388 877 jus
1406 825 1460 861 nou
1478 809 1569 878 ipsum
1589 807 1731 871 transfert,
1751 806 1797 858 sed
1814 800 1943 872 requisitu
1955 797 1993 852 ia·

300 908 367 971 iesu,
388 907 410 958 si
430 903 546 956 nummis
564 901 695 960 dotalibus
714 898 822 951 nomine
841 894 931 948 uxo'ris
954 900 1120 962 comparata,
1171 899 1216 944 eto
1234 891 1335 944 subditi
1356 891 1549 960 extrajudleiaii
1573 891 1589 944 i.
1611 909 1635 945 e.
1654 887 1794 944 trudentis.
1818 889 1917 940 Verum
1932 883 1994 937 buic

300 999 326 1040 et
346 986 452 1042 uerbum
471 983 576 1040 uidetur
587 984 612 1036 d.
624 985 643 1035 l.
664 981 708 1034 dl.
728 978 931 1049 praedicantium
952 993 1004 1030 oon
1023 975 1057 1028 de
1075 991 1120 1039 eo,
1169 987 1268 1026 asserto
1283 975 1492 1044 opponendum,
1511 975 1580 1045 quod
1600 975 1702 1040 accius,
1725 973 1848 1026 cohaeres
1865 979 1892 1024 et
1911 967 1994 1020 sicini

299 1071 368 1141 aquosi
388 1069 492 1126 ridetur
508 1067 653 1121 ratiocinio
677 1063 829 1128 clamitanti,
852 1063 897 1116 sed
922 1060 991 1130 quud
1018 1058 1121 1116 uidetur
1169 1073 1307 1126 agrorum,
1327 1059 1381 1126 jara
1400 1057 1503 1112 doauiad
1528 1057 1630 1112 luerint
1653 1057 1766 1112 durante
1789 1053 1992 1115 comrnnninoe,

294 1153 434 1208 racoctoio
451 1161 530 1208 cerlo.
552 1153 585 1204 dt
599 1149 672 1204 ralde
689 1150 781 1201 Fuhro
794 1147 897 1210 obstat,
911 1144 981 1216 qnod
995 1144 1042 1196 dos
1059 1161 1119 1197 cnu-
1172 1158 1219 1209 per
1237 1159 1401 1213 consequens
1420 1160 1472 1196 non
1492 1139 1558 1194 licut
1578 1157 1626 1212 per
1642 1143 1683 1211 jus
1701 1137 1848 1194 sententiae
1873 1133 1994 1196 domini,

297 1240 422 1291 stltuatnr
439 1235 472 1290 als
488 1251 569 1290 uxore
587 1235 700 1300 marite,
720 1250 772 1288 nun
794 1249 854 1286 sero
872 1232 944 1285 inter
958 1230 1081 1284 maritum
1094 1238 1119 1281 ei
1169 1223 1214 1276 sed
1233 1225 1296 1278 taies
1309 1225 1473 1278 sttlummodo
1486 1223 1567 1278 luisse
1581 1225 1759 1289 declarentur,
1773 1233 1994 1295 perconscqtknt

297 1336 467 1387 extraneum,
484 1319 649 1376 uenditorem
670 1317 755 1382 iorte,
770 1317 797 1368 id
812 1316 948 1385 negotium
963 1315 1118 1379 absolvatur,
1162 1306 1213 1378 J’ns
1230 1309 1320 1375 ι’ριιιιιι
1334 1325 1388 1360 nen
1401 1321 1532 1362 mereatur
1543 1308 1597 1361 diei
1613 1307 1734 1363 dominos
1747 1308 1857 1371 iecisse·
1867 1305 1912 1375 *1¹¹3
1926 1305 1993 1356 ‘¹¹²⁸

299 1405 364 1456 adeo
381 1413 410 1458 ur
432 1405 499 1456 mihi
518 1420 570 1456 nou
589 1405 705 1455 aldeam·
725 1403 879 1473 probabile,
896 1401 922 1454 d,
940 1401 960 1454 1,
979 1399 1022 1452 51,
1042 1415 1118 1471 ,μη
1169 1393 1220 1460 jaro
1239 1403 1298 1446 aute
1316 1393 1465 1446 extiterant.
1488 1394 1601 1449 dreuim
1614 1392 1742 1446 firmandi
1756 1393 1872 1464 priorem
1887 1389 1994 1459 opinio-

300 1487 333 1541 de
351 1503 380 1542 re
398 1497 485 1558 empta
503 1487 616 1541 numine
633 1485 737 1540 uteris.
756 1483 894 1538 Caeterum
912 1483 940 1538 d.
959 1484 977 1536 1.
998 1484 1038 1537 12
1066 1485 1117 1536 no.
1169 1491 1228 1528 nem
1247 1477 1413 1546 allegandum
1434 1479 1554 1544 ridetur,
1581 1479 1703 1532 domiuus
1730 1477 1838 1550 quidem
1862 1476 1994 1538 existere,

298 1573 365 1624 nell.
383 1572 402 1623 1.
421 1571 446 1624 tt.
463 1589 486 1624 c.
505 1573 530 1622 2
549 1589 571 1624 c·
589 1569 719 1639 inteiligit
737 1569 770 1622 de
787 1567 969 1640 acquisitione
985 1576 1119 1620 constante
1168 1563 1295 1632 praeiatas
1314 1581 1441 1636 personas
1459 1565 1568 1620 alnooute
1584 1565 1788 1628 comsuooione;
1806 1561 1931 1636 qnoniam
1951 1571 1993 1611 ta-

298 1657 415 1730 (quippe
435 1665 496 1712 lunc
514 1657 619 1709 maritus
638 1653 1119 1721 domiuuseatirnatrisueniocetun-
1169 1664 1229 1699 mrtt
1248 1662 1405 1702 caeternrum
1426 1651 1467 1719 jus
1486 1651 1655 1704 incumbebat
1683 1651 1759 1704 lateri
1777 1649 1843 1720 iuris
1868 1647 1996 1710 alterius,

301 1752 341 1806 te,
360 1742 404 1796 sed
423 1741 456 1794 de
472 1753 533 1795 erlo
551 1741 668 1809 eiusdem
695 1738 865 1794 matrimonio
890 1735 977 1791 finite.
999 1737 1030 1791 dt
1047 1738 1117 1790 enim
1170 1733 1287 1804 illudque
1304 1735 1390 1788 eidem
1410 1746 1526 1788 amotum
1548 1753 1595 1807 per
1611 1739 1655 1804 jus
1674 1737 1837 1799 sententiae,
1861 1729 1941 1794 adeo,
1965 1738 1997 1782 ui

299 1826 422 1894 qnoniam
441 1828 483 1894 jus
502 1825 639 1878 mulierem
655 1823 767 1877 durante
780 1837 881 1894 equoque
894 1819 1062 1875 matrimonio
1074 1823 1117 1876 du·
1170 1831 1250 1877 unua,
1270 1816 1312 1868 cui
1332 1817 1396 1887 quid
1416 1815 1612 1886 adjudicatum,
1631 1821 1682 1888 jam
1703 1835 1768 1888 pure
1785 1827 1812 1871 et
1831 1815 1859 1869 iu
1878 1813 1996 1868 solidum

303 1909 402 1961 minam
421 1909 537 1978 appellat
554 1907 594 1960 rei
613 1908 641 1959 in
659 1905 746 1962 dotem
767 1908 838 1960 datae
857 1909 873 1960 l¹
893 1905 1118 1978 ⁷5·ffd01'·d⁰·
1170 1897 1293 1951 domitans
1311 1901 1439 1962 eraseris,
1458 1901 1539 1972 partis
1551 1901 1727 1971 odjruiicatae,
1742 1901 1864 1974 idemque
1883 1897 1995 1952 effeetus

304 1991 639 2060 rimbbibderuiu.
658 1992 671 2043 l
693 1991 843 2063 pascuit.
862 1992 894 2044 de
914 1991 991 2043 ιυίιι.
1012 1999 1119 2060 apparui
1170 1981 1221 2050 ipsi
1241 1983 1292 2046 iuri
1312 1987 1459 2037 sententiae
1491 1987 1661 2056 imputantur.
1690 1987 1742 2038 Sed
1773 1985 1823 2038 iane
1848 1985 1996 2038 ratiocinio

303 2079 441 2132 munierum
467 2075 506 2129 ret
533 2075 645 2148 proruta
674 2076 751 2130 dotali
778 2087 942 2147 comparatu
972 2075 1118 2129 toututuu
1169 2065 1243 2118 utcu
1261 2067 1354 2137 opinio
1373 2086 1425 2121 ooo
1445 2071 1562 2134 joacim,
1581 2069 1641 2139 quta
1661 2070 1785 2140 oupertus
1805 2069 1922 2135 dictum,
1948 2071 1995 2136 ius

300 2163 415 2215 nartcisci
436 2161 560 2232 potuisse.
579 2160 659 2231 igitur
677 2179 735 2214 cnm
756 2159 821 2212 iilud
840 2161 866 2210 ri.
886 2161 904 2210 l.
919 2159 962 2211 12.
975 2161 1061 2211 eideua
1075 2159 1108 2213 de
1171 2165 1222 2200 ¹¹⁰⁰
1241 2152 1327 2220 ιῬΜἸ
1347 2168 1423 2219 [Μ
1443 2151 1495 2202 dici
1514 2153 1578 2224 quid
1599 2151 1708 2217 iecisse,
1729 2154 1773 2206 ubi
1791 2151 1858 2206 isne
1881 2153 1994 2206 alterius

300 2255 408 2315 negatur
426 2253 472 2316 pet·
489 2245 583 2309 rerba,
612 2261 667 2297 nou
694 2243 744 2298 tibi
767 2243 923 2314 quaeritur,
948 2259 1115 2314 praesnmeu-
1168 2247 1243 2282 ΜΩ
1265 2232 1329 2294 tutu
1351 2233 1395 2287 hic
1414 2251 1475 2288 sem
1495 2237 1639 2290 sententiae
1657 2238 1821 2290 interuentus
1839 2237 1893 2308 ipsi
1913 2256 1991 2307 opos.

301 2330 378 2394 dum,
396 2333 436 2399 jus
453 2328 618 2382 ordinarium
637 2327 790 2394 obstitisse,
808 2348 859 2399 quo
879 2329 967 2380 sainna
987 2329 1024 2379 rei
1044 2345 1119 2398 peen-
1169 2311 1238 2382 Eid⁰
1257 2332 1309 2366 ⁰⁰⁰
1330 2315 1387 2386 59³⁰
1405 2319 1463 2385 im
1482 2317 1510 2370 5⁰
1530 2320 1613 2373 tribus
1632 2321 1742 2389 iudiciis
1757 2321 1892 2376 divisoriis
1906 2325 1994 2377 dumi-

300 2411 345 2464 nia
364 2410 442 2465 dotali
462 2421 627 2483 comparatae
644 2427 709 2464 uxor
725 2426 786 2462 mor
799 2409 918 2464 extiterit
930 2409 1046 2463 domina.
1062 2409 1120 2464 Fir·
1170 2397 1243 2450 flium
1262 2400 1399 2470 litigantes
1414 2403 1508 2458 sortiri
1526 2401 1676 2460 dicendum.
1700 2406 1777 2460 Unde
1801 2408 1932 2479 Ulpianus
1952 2410 1994 2462 tit.

299 2493 378 2546 miori
400 2492 499 2546 ratione
516 2507 548 2544 es
567 2491 585 2544 i.
597 2491 639 2542 dli.
646 2489 686 2558 ff.
702 2491 735 2546 de
746 2489 838 2544 donor
849 2491 922 2544 iuras·
932 2493 980 2544 oa'r.
992 2503 1019 2546 ar
1033 2511 1116 2548 uxor.
1170 2484 1212 2539 tn.
1229 2487 1351 2554 eorporis
1367 2489 1413 2542 soi
1428 2500 1541 2542 tractans
1559 2489 1592 2544 de
1616 2493 1838 2562 acquisitionibus
1856 2487 1994 2564 dominii,

298 2577 397 2644 adiuta.
415 2574 500 2646 §.stin
514 2576 531 2628 1.
544 2573 612 2643 off.
624 2575 683 2629 eod.
697 2577 830 2628 communi
851 2575 896 2628 del.
914 2577 1036 2646 opinioni
1055 2591 1117 2630 cosa·
1169 2572 1240 2623 initi·
1258 2570 1323 2624 aiios
1343 2572 1434 2625 modos
1451 2591 1554 2645 qunque
1567 2573 1797 2646 nebodicntionem
1811 2589 1837 2633 et
1850 2578 1932 2648 legem
1950 2597 1996 2634 re·

297 2659 411 2723 colitur,
421 2659 523 2729 quippo
534 2677 583 2730 qu.
597 2661 614 2710 1.
627 2659 766 2726 annuitur,
780 2673 887 2714 uxorum
901 2659 1036 2714 alodiam
1046 2679 1121 2733 poa„
1169 2653 1227 2717 lert,
1238 2655 1405 2726 quedeperte
1416 2666 1534 2721 testatur,
1549 2675 1608 2712 esse
1621 2658 1797 2715 differentiam
1819 2663 1993 2735 interipsum

297 2759 353 2795 rem
373 2741 482 2814 ριιιιιιὶι
500 2742 584 2812 ipsius
603 2743 697 2796 marito
721 2745 836 2806 donum
860 2754 1048 2814 eomparatsm3
1075 2747 1116 2797 in·
1165 2739 1230 2808 J'ns,
1249 2749 1277 2792 et
1295 2739 1333 2804 id,
1350 2739 1419 2812 quod
1438 2737 1471 2794 tas
1490 2759 1542 2812 ope
1558 2745 1715 2798 arruntius.
1733 2745 1936 2816 Diapioieudum
1953 2767 1992 2803 re·

298 2825 381 2895 ἅιιμιι
405 2829 471 2896 justa
489 2828 606 2897 procedit
625 2827 817 2894 argumentatio
834 2825 867 2878 ad
881 2844 937 2879 rem
952 2825 1058 2897 pecnnia
1072 2825 1120 2883 clo·
1169 2833 1233 2888 stat,
1253 2841 1285 2876 an
1300 2825 1328 2876 in
1341 2824 1536 2893 adjudicatione
1549 2827 1628 2882 omni
1638 2825 1787 2881 dominium
1801 2839 1917 2882 transeal
1933 2833 1994 2902 ipso

294 2909 351 2978 vtull
374 2921 484 2980 partam.
504 2908 559 2963 iiec
576 2910 602 2962 d.
621 2909 639 2962 l.
657 2910 699 2962 55.
725 2909 1005 2981 praesupponendum,
1029 2911 1069 2980 agi
1088 2911 1121 2964 de
1169 2905 1246 2975 juro?
1265 2909 1335 2961 liuic
1354 2911 1503 2980 quaestioni
1520 2910 1708 2981 intelligentiae
1721 2914 1780 2967 talis
1794 2913 1932 2984 ponendus
1949 2927 1994 2970 est

299 3009 329 3046 re
346 2991 458 3046 nemine
476 2994 565 3046 uxoria
584 3001 690 3064 empta,
708 2994 769 3064 quia
790 2993 901 3046 maritus
914 3009 965 3045 uon
977 2994 1122 3064 accepisset
1170 3006 1252 3044 usna.
1269 2992 1359 3046 diesin
1378 2993 1466 3048 Titius
1486 2993 1607 3049 vendidit
1624 2995 1724 3062 mdes,
1741 2997 1910 3066 postmodum
1928 3015 1992 3051 een-

299 3075 437 3150 pecuniam
463 3071 598 3141 donatam,
617 3078 640 3130 si
656 3093 716 3131 mua
728 3079 836 3131 nornine
848 3077 940 3131 usuris
953 3093 1006 3130 rem
1020 3089 1122 3148 emptu·
1172 3085 1262 3126 aeratus
1278 3075 1382 3129 sellom
1401 3076 1493 3148 mpii·
1511 3075 1592 3141 iiidm
1610 3077 1634 3129 ’ἶ
1653 3091 1877 3149 ΡΝθῦῦΡΡοῦΙΙῦῑ
1898 3079 1989 3132 ³⁰¹⁰?-

301 3179 361 3225 rus,
383 3161 447 3214 iliud
466 3160 536 3215 euim
558 3169 599 3214 esi
618 3159 730 3214 reddere
749 3157 848 3212 donata.
874 3159 934 3229 ipso
959 3159 1026 3225 jure
1042 3158 1123 3228 igitur
1171 3157 1243 3207 niano
1262 3166 1324 3210 ante
1341 3159 1498 3212 senteutiam
1517 3161 1570 3228 iam
1591 3162 1730 3228 transisse,
1748 3164 1820 3217 eliis
1838 3173 1896 3218 orta
1917 3165 1987 3219 inter

301 3245 453 3298 dominium
472 3245 550 3298 oxaesri
571 3253 680 3314 utroque
698 3259 758 3296 casn
775 3241 890 3311 acquiri,
911 3240 1122 3312 palamest.5e‹i
1169 3239 1332 3296 uenditorem
1352 3253 1376 3295 et
1394 3252 1554 3312 emptorem,
1575 3263 1595 3298 a.
1615 3263 1640 3316 g.
1658 3245 1680 3298 si
1716 3263 1759 3299 m
1783 3247 1886 3302 venuti,
1906 3261 1930 3302 et
1950 3250 1991 3303 ,ῖς

299 3331 322 3385 si
336 3330 444 3384 nomine
457 3327 547 3382 uaeris
563 3327 673 3398 pecnnia
691 3329 747 3397 ejus
765 3342 808 3379 res
826 3334 912 3396 erupis
926 3325 1016 3378 ιιιοιὶι
1035 3325 1122 3378 dcmi·
1172 3317 1325 3385 tradita,ut
1345 3333 1432 3378 tamen
1454 3325 1581 3380 manserit
1601 3345 1683 3398 penes
1706 3331 1887 3396 uenditorem,
1907 3331 1986 3385 indu-

297 3414 344 3467 niu
357 3412 523 3483 subjiciatur,
540 3409 735 3482 quaerendum,
756 3424 819 3461 ιιιιιιι
833 3404 890 3478 ipso
900 3410 959 3476 jure
972 3407 1119 3460 dominium
1169 3399 1242 3455 bium
1262 3405 1421 3460 senteutiam
1440 3425 1492 3460 nou
1511 3409 1624 3463 reddere
1636 3411 1772 3466 dominum
1787 3413 1879 3478 ilium,
1893 3418 1939 3486 qni
1960 3415 1997 3470 ai·

299 3495 481 3568 acquisitum?
497 3495 584 3566 Nego,
603 3495 664 3566 qnia
682 3495 772 3548 omnia
791 3493 835 3546 bic
847 3509 1068 3564 emersere,quae
1081 3495 1121 3560 iias
1166 3486 1234 3554 cii)
1252 3490 1351 3542 Verum
1370 3491 1433 3544 licet
1453 3494 1593 3564 praedietis
1614 3495 1739 3549 terminis
1764 3513 1837 3549 casm
1863 3510 1997 3569 ponatur,

300 3580 437 3651 requisivit
455 3579 488 3634 sd
507 3577 656 3633 dominium
676 3577 745 3633 iaetu
759 3578 859 3631 subditi
872 3577 1065 3647 extrajndleiali
1079 3597 1118 3631 ac·
1169 3579 1282 3624 attamen
1301 3589 1354 3625 oon
1374 3572 1469 3638 video,
1488 3575 1619 3646 quomodo
1635 3581 1727 3647 quaeri
1747 3582 1876 3651 potnerit3
1889 3599 1922 3634 an
1936 3601 1996 3636 seu·

299 3665 469 3735 quirendum.
493 3663 562 3733 Ergo
587 3681 646 3716 cum
673 3663 725 3729 iuri
751 3662 784 3715 sd
806 3661 1026 3716 contribuendum
1050 3661 1120 3713 uilril
1171 3654 1253 3706 tentia
1272 3652 1366 3707 lecerit
1382 3654 1538 3722 dominum,
1557 3677 1615 3710 cum
1636 3661 1692 3732 ipsa
1716 3663 1809 3716 saltem
1835 3667 1994 3735 pronuncia.

299 3749 440 3820 quidquam
457 3749 621 3810 remanserit,
633 3745 767 3800 translatio
780 3745 894 3800 dominii
909 3745 986 3798 islins
997 3745 1053 3816 ι’ριι·
1065 3761 1116 3798 nou
1169 3739 1237 3790 ttrii
1255 3755 1310 3791 retu
1331 3738 1440 3805 deberi,
1461 3752 1488 3795 et
1507 3741 1616 3794 traditio
1635 3744 1719 3796 oribuc
1738 3746 1888 3816 requiratur
1899 3747 1992 3816 iilius,

300 3831 352 3885 erit
371 3829 534 3902 imputanda.
554 3829 580 3880 li.
599 3827 740 3899 Pupillus,
759 3825 782 3880 si
803 3844 844 3881 res
863 3829 973 3898 pecunia
993 3827 1118 3898 pupillari
1168 3823 1212 3894 qui
1232 3823 1435 3879 condemnatus.
1452 3825 1520 3877 ndat.
1539 3825 1702 3882 Facbiuaens
1719 3829 1737 3882 i.
1754 3839 1840 3883 contr.
1859 3832 1903 3886 62.

298 3936 311 3970 a
331 3921 418 3966 tutore
434 3919 536 3981 empta,
555 3909 573 3960 l.
594 3909 619 3960 Ξ.
627 3907 671 3977 ff.
688 3908 800 3981 qtsuodo
818 3911 947 3979 resuere
959 3913 1057 3965 coleras
1068 3921 1118 3965 etc.
1204 3910 1227 3975 ς
1245 3907 1320 3966 viil.
1339 3909 1496 3962 Dominium
1511 3911 1549 3964 rei
1568 3911 1666 3984 legatae
1685 3917 1743 3986 ipsc
1761 3919 1820 3984 jure
1838 3917 1952 3973 transire
1966 3923 1995 3974 in

297 4001 342 4054 nbi
358 3999 420 4049 baec
436 3994 527 4048 rerba:
542 3991 947 4064 aa'totereelcurutorpscum'u
963 3995 1120 4063 eius,cop'ua
1167 3993 1338 4061 legatarium.
1361 4009 1409 4046 nec
1427 3996 1470 4061 jus
1495 3993 1591 4048 iactum
1616 3997 1736 4052 haeredis
1762 3999 1888 4054 tradentis
1907 4004 1938 4056 ad
1965 4005 1993 4058 ld

298 4081 408 4154 ,negotiu
424 4078 613 4140 udrnr'nirtrct,
632 4085 725 4131 suntne
743 4075 808 4129 darc
828 4076 884 4146 ipse
900 4077 1047 4144 stipulatus
1047 4073 1116 4144 fiae·
1168 4077 1288 4144 erigere,
1310 4077 1439 4145 uolgatum
1458 4085 1507 4130 esi.
1526 4079 1653 4132 Creditur
1670 4083 1777 4154 probari
1792 4085 1870 4138 istam
1883 4087 1992 4156 opinio.

301 4167 350 4229 rit,
370 4166 418 4218 vel
431 4161 544 4235 praedio
563 4161 592 4212 in
612 4175 707 4214 nomen
727 4177 802 4212 suum
822 4159 930 4221 emerito
957 4160 1029 4213 cuitu
1048 4159 1118 4211 ectio
1169 4177 1229 4212 uem
1248 4161 1265 4210 l.
1285 4161 1330 4210 80.
1339 4157 1381 4228 ffi
1399 4163 1433 4216 de
1450 4161 1530 4232 legat.
1550 4163 1574 4215 Ξ.
1594 4164 1646 4218 Ubi
1668 4167 1817 4222 dominium
1838 4171 1876 4222 rei
1896 4173 1992 4242 legatae

298 4252 324 4305 ei
341 4251 415 4320 etrjns
432 4245 547 4319 pecunia
555 4243 631 4315 ficit,
649 4245 733 4299 soror
751 4243 790 4298 ud
800 4259 856 4296 ram
870 4237 1067 4296 otuda'coudom
1079 4241 1120 4292 cel
1169 4261 1303 4316 nunqnam
1321 4244 1422 4299 iactura
1443 4245 1542 4299 dicitur
1561 4249 1698 4316 haeredis,
1712 4251 1757 4305 sed
1771 4263 1840 4306 recia
1854 4255 1894 4308 sia
1909 4267 1994 4310 trans·

301 4345 420 4389 conatuum
436 4330 577 4404 pecuniam
590 4325 762 4397 exr'pendnra.
778 4325 896 4398 Quorum
912 4324 1048 4376 verborum
1064 4337 1120 4376 sen·
1171 4329 1209 4380 irc
1227 4327 1259 4381 ad
1278 4328 1441 4398 legatarium.
1455 4329 1520 4382 Cum
1540 4333 1624 4400 igitur
1644 4333 1742 4388 iaclum
1756 4335 1938 4394 trcnsierentis
1951 4343 1993 4408 ius

303 4435 345 4472 sus
370 4433 430 4471 cnm
449 4421 539 4485 aperte
555 4409 742 4476 Ι«Ιιιιιιιιιιιιιι,
766 4427 821 4464 rem
844 4407 944 4479 acquiri
971 4409 1071 4480 pupilio
1096 4421 1122 4464 ιι
1170 4423 1270 4481 praeter
1288 4427 1403 4477 sueretu,
1423 4430 1475 4466 oon
1493 4413 1632 4482 adhibeat,
1652 4419 1697 4469 sed
1717 4418 1867 4475 dominium
1890 4425 1992 4477 ulbdo·

304 4501 400 4557 naiuori
420 4497 528 4570 ριιιιιιίι
547 4497 659 4552 neruine
675 4495 791 4563 proprie
808 4513 823 4548 ι
843 4503 928 4547 tutore
945 4503 1120 4547 orateuratore
1171 4496 1259 4550 minus
1278 4498 1433 4551 translatum
1452 4509 1569 4566 statuat,
1587 4503 1653 4554 iliud
1672 4507 1730 4574 jure
1756 4506 1815 4576 ipso
1845 4509 1992 4562 transmitti

301 4595 432 4658 emptum,
450 4599 501 4637 nen
520 4599 603 4652 nunt,
624 4591 650 4632 ni
669 4577 810 4633 ratiocinio
827 4579 924 4632 exinde
942 4577 1055 4632 lormotn
1072 4577 1117 4633 de·
1170 4580 1223 4633 dici
1243 4583 1356 4653 poterit,
1376 4583 1420 4636 nbi
1442 4601 1498 4637 mus
1517 4586 1566 4638 iste
1584 4599 1716 4658 respectus
1734 4607 1764 4642 ac
1789 4601 1917 4644 remotus.
1939 4593 1993 4646 Sed

303 4681 456 4730 monstrem,
471 4665 578 4736 pecnnia
591 4663 715 4735 pupillari
729 4681 783 4718 retu
797 4673 921 4734 emptam,
934 4663 997 4716 licet
1010 4679 1062 4716 non
1075 4681 1120 4715 no-
1168 4663 1270 4730 ubstai,
1287 4666 1358 4736 qnod
1377 4667 1402 4718 d,
1419 4666 1437 4717 l.
1456 4669 1503 4718 80.
1520 4667 1639 4736 dicatur,
1658 4669 1807 4726 dominium
1834 4677 1871 4727 rei
1894 4677 1992 4745 legatae

303 4753 376 4807 suine
395 4749 494 4821 ipsius,
511 4745 630 4801 dosuiuiu
650 4747 733 4816 ipsius
755 4765 910 4800 acemseere.
934 4747 968 4800 Et
996 4748 1120 4818 qnoniam
1171 4745 1341 4800 baereditatis
1359 4766 1429 4813 esse,
1448 4749 1540 4804 haeres
1558 4769 1633 4817 sero,
1651 4771 1710 4807 cum
1733 4757 1768 4810 sit
1783 4773 1916 4813 successor
1930 4761 1993 4814 bae·

303 4837 351 4890 boc
370 4851 429 4886 casu
448 4829 595 4882 dominium
622 4841 694 4882 estro
720 4831 892 4883 traditionem
916 4833 957 4899 jus
982 4831 1119 4895 transfert,
1168 4830 1621 4906 reditatis,dominiumqnoqoead
1638 4837 1825 4894 haereditatem
1843 4844 1991 4912 pertinens,

301 4919 419 4989 seqnitur
436 4915 501 4970 iliud
522 4915 579 4984 ipso
598 4916 653 4980 iture
671 4913 723 4964 diei
745 4931 821 4984 posse
844 4917 1017 4982 translatum,
1037 4917 1059 4970 si
1079 4933 1119 4971 re·
1171 4914 1291 4969 uideatur
1308 4927 1473 4971 consecutus.
1488 4921 1567 4991 Resp.
1581 4923 1706 4990 qouniam
1719 4923 1759 4975 ud
1769 4925 1794 4977 d.
1807 4926 1828 4976 l.
1839 4927 1886 4977 8⁰.
1897 4939 1993 4999 aperte

302 5012 408 5074 spectus
427 4999 530 5053 babitus
549 4997 629 5052 luerit
643 4996 674 5048 ad
690 4995 803 5051 dominii
821 5001 1029 5064 translationem,
1043 5019 1121 5070 qnam
1170 5001 1306 5065 statnilnr,
1325 5001 1473 5056 dominium
1487 5021 1627 5074 saunpunm
1637 5006 1730 5076 fuisse
1749 5009 1891 5076 haeredis,
1905 5013 1993 5064 eidem

298 5093 340 5159 juo
359 5105 410 5140 nou
438 5087 522 5155 ipsum
549 5082 662 5154 peragit,
691 5081 737 5134 sed
762 5082 892 5152 requisito
916 5081 985 5136 isole
1012 5085 1121 5137 alterius
1170 5083 1417 5137 aeeutnmodondnm
1436 5101 1493 5139 esse
1510 5104 1615 5140 sensum
1638 5088 1993 5153 aerbornmnectusiadc-

300 5187 397 5240 nempe
415 5167 551 5223 trudentis.
1172 5166 1299 5230 minium,
1319 5168 1393 5239 qrsnd
1409 5169 1661 5240 docreda'tulirsus’l,
1676 5173 1713 5226 nd
1725 5174 1887 5245 legatarium
1900 5191 1992 5232 trous-

336 5257 358 5324 ς,
377 5253 439 5307 Ἦῐ.
459 5257 492 5307 In
511 5247 534 5322 §
542 5247 601 5320 fin.
621 5247 637 5302 ι’.
657 5247 689 5303 de
708 5247 803 5320 officio
818 5249 901 5320 sardic.
915 5249 977 5304 baec
989 5251 1121 5306 habentur
1172 5263 1233 5312 eut,
1253 5263 1281 5304 ut
1298 5254 1372 5305 lctus
1392 5253 1511 5308 innuisse
1536 5255 1670 5322 rideatur,
1695 5255 1834 5311 haeredem
1856 5263 1994 5316 succedere

299 5337 395 5392 rerba:
414 5335 484 5407 prend
501 5345 591 5388 curtem
609 5333 667 5385 istis
677 5334 790 5406 judiciis
807 5334 883 5403 (scil.
900 5335 1007 5404 judiciis
1036 5337 1121 5390 tribus
1172 5337 1200 5388 iu
1220 5336 1365 5388 tietuiniutn
1387 5337 1993 5416 baereditatis,sedeomumente,quedocli-

301 5419 458 5487 riiriseriis)
477 5416 559 5470 uticus·
576 5412 880 5488 rsffltsdr'cntnmsnerr'l:
898 5420 1033 5474 s'dsiotr'ua
1050 5419 1120 5492 iejor
1172 5420 1273 5471 tionem
1289 5417 1381 5471 iactam
1402 5425 1468 5494 (qtte
1489 5432 1673 5477 iesiaanettiuttt
1688 5427 1884 5482 corroboratum
1894 5431 1994 5496 ,daim
2099 5453 2102 5458 -

295 5503 346 5577 fit,
368 5501 412 5554 cui
428 5499 610 5574 redimiculum
625 5509 671 5552 est.
685 5500 942 5572 subintelligendum
957 5503 1014 5556 siue
1028 5504 1119 5568 dubio,
1174 5513 1227 5558 tum
1248 5505 1324 5570 iegati
1345 5505 1429 5558 relicti
1450 5505 1592 5578 proluxit)
1610 5519 1632 5560 et
1652 5508 1843 5565 hoereditatem
1865 5518 1915 5582 jam
1932 5517 1993 5570 bae·

302 5584 446 5640 dulcimodo
465 5585 576 5638 durante
602 5585 725 5637 societate
751 5601 791 5638 res
818 5584 899 5640 inerit
922 5591 1043 5660 proprio,
1066 5609 1119 5647 uon
1172 5591 1228 5644 redi
1254 5589 1444 5663 occidundum
1464 5593 1640 5648 intercessisse
1656 5591 1807 5664 fingetaduau
1829 5610 1884 5670 aar,
1904 5601 1993 5654 tim.
