4414 6220
173 499 225 554 iet
243 510 310 552 flttu
326 507 401 558 este,
414 504 549 555 mttere,
562 488 647 544 mullo
665 487 756 542 minus
774 483 909 538 includere
928 482 1010 538 debet.

133 578 175 634 dil
192 575 278 652 Quod
296 572 320 630 si
337 589 401 630 reru
417 571 536 637 detinet,
551 572 591 626 rel
609 571 725 635 inescat,
739 567 805 624 iurtl
823 567 924 621 crimen
943 583 1013 620 com·

182 662 285 726 niu'st,
298 670 327 716 et
339 659 404 712 binc
420 659 531 714 alterurn
550 655 650 726 optimo
671 656 728 724 jure
745 660 810 725 puto
828 665 905 722 posse
922 665 1012 718 spere,

186 762 241 802 nnn
269 742 358 798 sotum
378 749 408 794 ot
424 737 561 794 columbus
577 737 697 790 detentas
714 730 909 798 restituat,sed
927 741 955 783 et
964 730 1011 782 du·

181 827 226 904 plo
242 827 356 900 plures,
373 841 425 897 pro
437 841 490 878 nus
502 821 561 877 scil.
576 831 644 887 tres,
657 831 685 876 et
702 819 739 874 its
757 835 849 890 porro,
861 815 953 869 sddits
967 815 1011 866 iu-

186 913 305 972 stnots
328 909 420 980 judice
446 923 528 979 poene
550 905 692 960 erbitreris
718 903 735 956 i.
761 895 1013 972 8.5.1.]]ῖιιιι.

191 996 306 1052 bercirn
322 1013 384 1067 erg.
402 993 422 1048 l.
440 993 486 1046 31.
500 989 542 1064 ff
559 993 592 1046 rie
610 989 676 1046 [ιιι.
695 985 822 1056 Csrpeor.
839 1003 866 1054 p.
885 983 911 1038 l.
927 1001 951 1035 e.
969 982 1013 1034 16.

139 1069 175 1125 ⁸¹
193 1079 247 1153 ιιι
267 1079 324 1152 fis.
349 1075 476 1134 seuere
495 1076 533 1130 ιι
553 1081 577 1138 ι.
603 1070 698 1140 suff.
724 1071 761 1126 ι.
787 1089 814 1124 ι.
830 1070 857 1122 ι.
875 1086 903 1122 ι.
922 1069 948 1120 ι.
967 1065 1011 1119 ..ιι

189 1165 299 1238 quidem
318 1163 384 1218 satis
401 1161 499 1216 stolide
515 1157 641 1214 «lominus
665 1157 789 1210 detinens
806 1159 965 1225 opponeret,
984 1151 1013 1204 in

192 1266 251 1306 mec
271 1247 359 1304 lacere
375 1247 438 1302 lieet
454 1263 505 1318 pre
517 1244 620 1308 lubitu,
630 1240 754 1296 adderem
765 1238 838 1293 enirn
850 1255 910 1291 rum
930 1235 1012 1310 meis,

193 1349 246 1388 nnn
264 1350 326 1388 essm
345 1329 460 1394 alienis,
477 1327 545 1382 sliss
563 1336 591 1380 et
613 1341 705 1398 pecora
725 1323 809 1377 aliens
831 1322 859 1374 in
879 1337 937 1372 tneo
952 1335 1015 1385 agro

196 1415 314 1470 cceidere
332 1414 403 1470 torte
420 1413 520 1468 liceret·
540 1410 601 1466 edd.
620 1409 734 1480 Cnepoll.
749 1407 782 1460 de
798 1420 820 1458 s.
840 1425 867 1460 u·
882 1423 911 1474 p·
928 1421 953 1456 c.
970 1403 1015 1454 tt.

148 1481 184 1536 δ’
200 1499 275 1570 Qttud
293 1500 316 1555 si
336 1497 404 1554 torte
428 1495 565 1551 colntnbse
581 1493 614 1546 sd
640 1510 726 1546 recuro
746 1487 936 1544 columbarium
956 1502 1014 1556 per·

200 1585 320 1649 renient,
338 1583 371 1636 ad
397 1580 426 1635 id
445 1597 499 1636 nott
519 1595 626 1650 possum
651 1597 665 1630 a
691 1575 800 1631 domiuo
825 1571 962 1642 compelli.
986 1582 1016 1624 ut

202 1668 261 1722 illas
278 1668 425 1741 expellere,
438 1673 483 1718 sut
502 1662 712 1735 permittsm,ot
730 1659 776 1711 ille
795 1657 822 1708 iu
841 1673 900 1708 nsee
916 1652 1015 1724 espist,

197 1754 323 1823 qnoniam
347 1749 423 1823 qussi
449 1747 565 1812 libertati
591 1745 683 1802 harum
708 1752 747 1797 est
768 1741 906 1803 relictum,
923 1748 1013 1791 utrum

190 1833 335 1890 domiuum
357 1833 457 1904 eligere
482 1832 581 1897 reliut‚
605 1840 635 1883 nt
668 1844 714 1882 cen
738 1826 865 1896 fugitivae
885 1840 900 1876 ts
921 1823 1016 1894 quotis

186 1921 331 1976 riudicnri
357 1927 502 1988 nequeunt,
521 1933 570 1970 nee
594 1913 626 1968 ed
653 1911 834 1967 exhibendum
860 1909 901 1980 agi
928 1909 1016 1978 possit

189 2003 255 2056 nisi
274 2013 365 2058 contre
381 2001 560 2066 detentorem,
573 2001 613 2054 rel
630 1997 720 2052 dolose
737 1993 904 2049 allicientem.
922 2009 976 2062 arg.
988 1993 1014 2045 d.

84 2093 87 2098 '
142 2074 216 2160 335
249 2087 345 2140 tutta
363 2083 507 2140 mansuetis
524 2101 586 2138 cero
606 2083 654 2136 boc
671 2083 738 2152 juris
752 2081 862 2133 domino
875 2078 959 2148 priori
974 2087 1015 2130 est

189 2171 336 2237 relietum,
353 2181 381 2225 ut
400 2171 473 2224 intra
497 2167 644 2223 triennium
668 2185 681 2218 s
704 2166 795 2236 quoris
819 2165 952 2217 detentore
970 2179 1012 2216 re·

193 2253 255 2326 peti
276 2253 380 2324 possint
396 2253 484 2307 instar
503 2251 678 2322 pellicerent,
697 2264 870 2318 snserumque
893 2261 1012 2296 mansne-

190 2347 301 2403 ιοιιιι,
313 2355 429 2409 qssorum
448 2335 599 2390 dominium
617 2351 670 2388 non
688 2350 721 2387 ex
740 2329 889 2386 revertendi
906 2345 1014 2382 cousue-

193 2421 289 2476 tudine
308 2422 456 2494 dependet,
476 2420 524 2474 sed
541 2437 575 2474 ex
593 2418 706 2474 arbitrio
729 2415 815 2488 ipsius
837 2415 938 2469 domiui
959 2414 1013 2486 pri·

195 2503 267 2570 cris,
279 2506 326 2576 qui
345 2505 405 2558 illas
423 2519 518 2574 capere
535 2513 563 2558 et
579 2503 685 2557 auterre
703 2510 788 2573 potest
800 2499 828 2552 in
841 2499 942 2565 alieno,
965 2516 1013 2569 per

143 2599 179 2654 81
197 2598 219 2655 ς.
240 2591 282 2644 16.
298 2591 321 2661 p'
341 2589 414 2644 der.
434 2589 461 2644 d.
480 2589 533 2645 Sed
558 2599 632 2644 estne
649 2589 735 2643 coiris
757 2588 860 2642 licitum
883 2585 1011 2654 ejusmodi

195 2673 329 2742 columbas
348 2674 557 2740 umsuetseue,
574 2690 640 2746 qnae
658 2671 758 2726 scilicet
785 2671 813 2722 in
831 2672 902 2740 egris
920 2669 1012 2740 pabule

140 2765 177 2820 dd
196 2777 243 2814 eus
260 2770 402 2832 quaerunt,
420 2755 538 2812 bebere?
556 2756 632 2827 Quod
657 2773 710 2808 non
735 2762 816 2826 puto,
841 2751 885 2806 sed
912 2760 1011 2804 tantum

194 2843 268 2911 tttts,
279 2846 326 2914 qni
343 2859 416 2912 egros
434 2841 515 2894 simul
533 2839 666 2912 possident
684 2849 759 2892 extre
774 2836 882 2901 urbem,
910 2847 936 2895 nt
947 2837 1010 2890 binc

196 2939 345 2998 competere
362 2925 439 2980 bisce
457 2936 546 2998 putem
565 2922 775 2995 jusprolribendi
790 2923 863 2988 illos,
876 2921 920 2991 qui
943 2923 1012 2975 nibil

194 3009 347 3082 possident,
366 3020 391 3064 et
410 3019 496 3064 tenen
515 3009 645 3079 ejusmodi
664 3006 796 3062 columbas
817 3006 846 3059 in
864 3023 956 3076 magus
969 3025 1011 3061 co·

192 3092 240 3166 pie
261 3091 374 3159 babent,
389 3109 441 3146 non
458 3091 531 3147 enim
551 3108 628 3164 pecus
647 3107 722 3144 suurn
742 3090 771 3142 iu
788 3090 874 3143 stieuo
892 3091 954 3144 licet
971 3109 1015 3162 ps·

193 3196 269 3234 scere
287 3181 345 3234 sine
362 3181 511 3234 constituta
529 3177 694 3234 servitutel.
717 3180 743 3231 1.
759 3178 786 3229 2.
805 3178 832 3230 3.
849 3195 872 3232 c.
892 3179 924 3232 de
938 3194 1013 3250 perc.

189 3265 268 3338 pudi-
285 3275 312 3320 et
327 3267 399 3334 priv.

137 3359 175 3414 ω
233 3349 327 3404 Eseuit
346 3367 439 3421 saepe,
457 3357 486 3401 nt
504 3365 557 3402 uon
576 3347 701 3402 domiuus
719 3347 858 3403 domiuum
877 3364 911 3401 ex
930 3345 1014 3402 tundo

195 3448 248 3486 suo
273 3431 403 3500 dejiciet,
428 3432 472 3484 ubi
497 3431 606 3502 quidem
637 3434 666 3485 iu
691 3433 837 3486 continenti
867 3433 1014 3484 invasorem

681 386 730 442 utt
748 384 878 444 ttttttto
897 381 1014 442 utttttts
1035 378 1175 436 ttttttts
1193 377 1310 434 ttctru
1327 392 1389 434 erc.

1064 483 1141 534 Korn
1154 495 1209 532 ron
1223 477 1284 534 dem
1293 477 1386 531 Acier
1396 475 1489 533 tossen
1502 477 1669 556 neffdbren.
1677 483 1763 555 Qusro
1775 487 1885 557 quidem
1901 491 1938 548 83

1063 561 1198 616 licentium
1219 561 1388 634 potissimum
1407 579 1439 615 ex
1454 579 1484 616 eo
1498 563 1616 622 deriruut
1627 577 1654 622 et
1665 569 1806 640 colligunt,
1818 589 1883 644 quc·

1064 647 1136 699 nisrn
1156 647 1192 700 its
1214 645 1333 698 turbatus
1351 665 1417 717 opus
1437 647 1562 715 baberet,
1581 663 1609 707 ut
1634 662 1723 722 egeret
1740 653 1884 712 interdicto

1064 730 1103 785 uti
1122 729 1281 801 possidetis,
1299 749 1350 802 quo
1369 747 1398 786 se
1415 751 1431 784 a
1451 735 1599 790 turbatione
1616 737 1732 806 liberet,
1750 740 1801 793 boc
1819 759 1879 798 tero

1065 813 1089 866 si
1110 814 1248 878 instituat,
1266 812 1388 868 obstabit
1407 813 1463 887 ipsi
1480 819 1602 889 exceptio
1613 819 1722 876 vitiosae
1736 827 1882 895 possessio·

1065 895 1109 948 nis
1128 900 1150 964 §.
1170 897 1195 948 i.
1207 897 1233 970 1'.
1250 897 1284 950 de
1300 897 1397 954 interd.
1413 918 1466 971 qus
1484 903 1606 974 probate,
1625 923 1678 959 uon
1696 907 1811 978 amplius
1831 927 1884 962 ms·

1066 980 1185 1034 nuteneri
1206 991 1308 1053 potest,
1326 980 1373 1034 sed
1391 983 1482 1038 redere
1500 985 1609 1055 cogitur.
1629 988 1729 1042 Vercsn
1748 990 1883 1047 enimvero
1901 1023 1937 1077 39

1064 1065 1129 1118 lieet
1147 1066 1266 1120 turbetus
1284 1083 1317 1122 ex
1337 1067 1386 1122 boc
1404 1069 1545 1126 interdicto
1563 1073 1702 1128 victorinus
1719 1093 1811 1130 musae
1829 1093 1883 1132 non

1065 1159 1243 1219 reportstorus
1254 1150 1303 1217 sit,
1314 1162 1400 1206 tarneu
1419 1171 1473 1208 non
1492 1153 1587 1212 dubito
1599 1159 1665 1228 quin
1683 1159 1804 1215 obtinere
1822 1179 1884 1232 pos·

1065 1233 1116 1296 sit,
1137 1232 1159 1286 si
1178 1234 1263 1303 egerit
1281 1249 1314 1286 ex
1335 1233 1435 1290 istnoss
1458 1237 1476 1290 t.
1502 1249 1588 1293 extet.
1613 1242 1657 1293 13.
1669 1237 1706 1309 ffl
1729 1243 1805 1314 quod
1819 1255 1881 1298 met.

1066 1329 1143 1370 enus.
1161 1326 1187 1369 et
1204 1312 1229 1387 5.
1249 1318 1312 1390 1-1'·
1332 1318 1365 1372 de
1382 1320 1415 1373 ui
1429 1320 1492 1375 don.
1511 1335 1580 1393 rapt.
1602 1325 1707 1382 Excidit
1729 1328 1803 1382 enirn
1822 1329 1883 1398 ilie,
1902 1343 1938 1398 ou

1067 1398 1113 1468 qui
1132 1415 1175 1452 res
1193 1417 1254 1452 sues
1272 1402 1298 1456 ri
1316 1402 1392 1456 elteri
1411 1405 1559 1472 abstulerit,
1577 1409 1653 1462 omni
1671 1427 1757 1465 rerum
1776 1430 1886 1471 suerum

1066 1479 1239 1549 dominio,et
1257 1485 1295 1538 its
1314 1486 1382 1556 quod
1401 1489 1460 1555 jure
1479 1489 1595 1545 retinere
1609 1511 1664 1547 non
1677 1497 1810 1566 potuisset
1824 1517 1884 1570 pos-

1067 1580 1168 1631 sessor,
1187 1567 1233 1621 sed
1258 1585 1290 1621 ex
1319 1565 1465 1627 interdicto
1492 1576 1685 1646 recuperandae
1708 1583 1885 1650 possessionis

1066 1646 1175 1704 domiuo
1205 1655 1344 1708 restituere
1369 1655 1464 1712 luisset
1488 1670 1617 1727 coruus,
1642 1663 1696 1731 jsrn
1718 1666 1834 1723 restttou
1860 1681 1887 1726 et

1066 1733 1151 1802 ericts
1169 1736 1231 1792 licet
1250 1740 1433 1811 possessione,
1453 1753 1539 1798 lernen
1566 1743 1670 1802 fructus
1690 1748 1767 1806 hosce
1791 1763 1884 1824 reptes

1067 1819 1225 1888 adosuiuo,
1245 1821 1273 1876 iu
1298 1823 1389 1878 erlinus
1414 1827 1557 1883 uiolentiee
1582 1841 1702 1901 repetere
1724 1844 1749 1888 et
1766 1837 1883 1892 retinere

1066 1902 1164 1958 liceret.
1183 1906 1312 1976 Quemvis
1331 1909 1474 1980 dispositio
1491 1913 1509 1966 i.
1534 1925 1620 1969 errtot.
1638 1915 1751 1989 proprie
1768 1921 1883 1978 rioleutc

1067 1989 1214 2056 possessori
1234 1991 1395 2062 praesidium
1415 1996 1459 2050 rix
1479 2007 1602 2068 praestet.

1099 2070 1241 2128 Coronidis
1258 2077 1314 2130 loco
1326 2076 1360 2132 de
1375 2077 1494 2148 virgine,
1507 2085 1581 2151 cnjus
1593 2103 1682 2142 amore
1699 2085 1753 2141 sibi
1770 2088 1881 2142 nsultorn
1902 2090 1937 2143 tt

1063 2155 1145 2211 licere
1161 2169 1237 2230 putat
1254 2181 1345 2218 amens
1362 2177 1476 2232 ametor,
1505 2187 1632 2240 quaerere
1655 2173 1733 2241 licet,
1758 2191 1791 2228 su
1816 2177 1883 2232 slter

1064 2241 1173 2296 alterins
1191 2244 1336 2316 virginem,
1353 2266 1431 2318 qnam
1451 2268 1524 2305 suern
1542 2254 1617 2324 quasi
1633 2255 1722 2322 dicit,
1740 2267 1765 2314 et
1782 2257 1834 2312 sibi
1859 2281 1887 2312 u·

1065 2330 1140 2382 uiroc
1156 2331 1209 2398 jem
1227 2346 1352 2402 sponsans
1369 2332 1533 2402 destinebat,
1551 2336 1665 2406 auferre,
1689 2339 1812 2412 sibique,
1826 2361 1887 2396 con·

1064 2413 1206 2470 tutteenu
1224 2413 1285 2482 lieet
1301 2425 1418 2472 susstore
1435 2420 1559 2492 antiquo,
1580 2423 1704 2494 coniugio
1729 2426 1838 2498 jungere
1856 2425 1889 2479 li-

1063 2495 1125 2550 eeti
1141 2497 1173 2552 Et
1190 2499 1267 2554 credo
1286 2499 1355 2554 nibil
1375 2502 1418 2556 blc
1437 2503 1523 2560 illiciti
1540 2507 1688 2576 contineri,
1709 2509 1763 2566 imo
1791 2511 1887 2582 dignus
1904 2515 1942 2567 61

1064 2593 1118 2638 eret
1136 2582 1187 2636 boc
1203 2583 1322 2666 ludibrio
1339 2597 1441 2643 amstor
1458 2591 1596 2662 antiquus,
1614 2593 1659 2664 qui
1678 2611 1726 2669 spe
1738 2613 1784 2652 sus
1799 2595 1889 2652 detur·
1906 2605 1910 2614 “

1064 2666 1156 2734 betur,
1176 2667 1238 2722 duru
1257 2673 1310 2724 nob
1342 2675 1453 2744 exponit
1471 2687 1587 2744 mature,
1605 2679 1676 2750 quod
1696 2682 1787 2736 suiutc
1805 2681 1888 2736 desti·

1064 2763 1186 2820 nererut,
1217 2755 1267 2808 boe
1292 2753 1366 2810 euim
1386 2755 1474 2812 auimo
1500 2771 1633 2814 retenturn
1660 2763 1731 2818 nibil
1748 2777 1888 2838 operetur,

1065 2841 1219 2910 nullumque
1236 2840 1278 2908 jus
1296 2857 1328 2893 ex
1347 2840 1401 2893 solo
1420 2842 1558 2914 proposito
1575 2845 1731 2915 requiritur.
1748 2848 1766 2902 l.
1779 2849 1806 2901 'i-
1818 2867 1842 2906 c·
1856 2849 1890 2906 de

1065 2923 1180 2976 condr'ct.
1194 2924 1229 2978 nd
1243 2940 1316 2980 cures·
1328 2921 1387 2977 dat·
1401 2925 1480 2979 ttttut
1499 2939 1534 2980 est
1553 2929 1730 2998 quaestionis,
1750 2952 1784 2988 su
1808 2951 1885 3007 spon·
1904 2946 1941 2999 93

1065 3023 1119 3063 aem
1138 3008 1247 3063 alterins
1265 3007 1404 3076 seducere,
1423 3024 1466 3069 sut
1482 3010 1587 3067 sulrrre
1603 3013 1685 3070 lieet?
1702 3015 1755 3070 Ubi
1774 3018 1883 3091 quidesn

1066 3095 1196 3170 sponsalia
1216 3094 1361 3165 posteriore
1380 3097 1453 3152 nulls
1469 3109 1494 3153 et
1512 3097 1589 3153 irrita
1608 3100 1741 3156 declarant
1768 3121 1889 3162 commu·

1067 3183 1154 3244 niter,
1173 3179 1235 3232 duro
1255 3179 1385 3249 spcusslis
1406 3181 1495 3252 priora
1512 3200 1618 3256 temper
1630 3187 1781 3255 prserslent
1799 3200 1889 3260 poste·

1069 3265 1200 3328 rioribus,
1219 3262 1283 3316 tinet
1300 3263 1335 3316 sd
1353 3267 1498 3337 posteriore
1520 3269 1671 3324 benedictio
1696 3271 1865 3330 sacerdotalis
1874 3313 1885 3342 ,

1068 3363 1093 3406 et
1111 3349 1265 3405 concubitus
1283 3351 1439 3418 accesserit,
1456 3351 1518 3421 quie
1535 3372 1613 3410 ousue
1632 3353 1697 3410 illud
1713 3355 1782 3426 quod
1798 3369 1889 3414 contra

1068 3437 1138 3506 leges
1157 3433 1275 3504 tactum,
1295 3433 1354 3502 ipso
1371 3435 1428 3500 jure
1448 3437 1558 3490 nullutn.
1577 3439 1595 3490 l.
1622 3438 1649 3492 ii.
1674 3457 1695 3493 c.
1720 3443 1754 3494 de
1777 3441 1847 3496 tttus
1865 3459 1888 3496 c.

193 3516 309 3590 propris
327 3517 480 3570 suctoritste
497 3519 631 3588 expellere
649 3517 746 3570 iterum
764 3518 925 3586 permissum
944 3517 962 3568 i.
988 3517 1014 3568 3.
1069 3521 1113 3573 31.
1131 3519 1167 3572 Χ.
1184 3523 1218 3575 de
1235 3537 1331 3591 spone.
1351 3517 1422 3572 Berl.
1439 3537 1466 3588 p.
1485 3519 1510 3572 i.
1529 3522 1615 3576 conci.
1633 3521 1677 3576 21.
1701 3542 1728 3577 ιι.
1754 3523 1798 3576 67.
1823 3525 1891 3582 licet

193 3599 692 3670 5.9.1.17.ffidestietcinrns.sed
710 3615 743 3654 ex
761 3601 898 3654 interuallo
916 3615 969 3653 troo
984 3601 1016 3652 li·
1067 3620 1116 3673 pro
1134 3602 1323 3672 posterioribus
1349 3603 1399 3656 boc
1422 3621 1500 3675 passu
1525 3606 1698 3676 pronuncient
1722 3605 1767 3662 du.
1787 3607 1888 3666 Brttnu.

193 3695 256 3751 eet,
274 3685 378 3741 turbere
398 3694 487 3740 tsrnen
506 3687 575 3755 juxta
589 3685 667 3738 ddres
679 3684 742 3738 licet
759 3685 834 3737 illurn
849 3683 1014 3738 inrsdeutern
1068 3687 1100 3741 de
1110 3688 1135 3761 J'.
1154 3689 1217 3741 ecci.
1234 3689 1254 3741 t.
1273 3689 1299 3739 1.
1316 3705 1340 3741 c.
1359 3690 1403 3743 16.
1421 3707 1448 3742 n.
1467 3691 1494 3742 6.
1512 3689 1606 3761 Carpe.
1619 3690 1729 3762 jurispr.
1740 3697 1853 3750 cererin.
1860 3715 1889 3763 p.

196 3771 226 3824 in
248 3787 295 3824 sue
315 3770 492 3842 possessione.
513 3771 560 3822 dn.
579 3768 724 3822 Brunoem.
742 3769 774 3821 ad
795 3771 958 3826 Wesenbec.
977 3773 1017 3826 tit.
1069 3776 1095 3824 1.
1114 3769 1168 3842 des.
1197 3772 1241 3826 66.
1267 3772 1304 3824 its
1328 3781 1417 3827 temen
1441 3785 1469 3830 ut
1496 3773 1540 3828 bic
1564 3775 1658 3829 modus
1682 3776 1818 3834 anlerendi
1836 3797 1889 3837 non

136 3858 176 3912 8¹1
194 3855 390 3929 uts'peseidetir
401 3874 446 3927 pu.
459 3856 483 3906 ³.
497 3853 568 3924 Quid
587 3851 739 3907 bociSsne
756 3871 809 3908 nuc
828 3857 911 3909 solunt
930 3855 1017 3909 verbis
1070 3859 1202 3929 plenesit
1220 3857 1392 3923 licitus,sed
1410 3858 1443 3912 sd
1462 3878 1571 3929 poenun
1601 3862 1777 3919 nibilominus
1807 3865 1891 3934 nupi-
1908 3880 1944 3934 91

190 3944 321 4012 turbere,
334 3960 381 3998 sec
398 3942 486 3996 dicere
498 3943 610 3994 alterurn
624 3941 720 4011 injuste
731 3941 877 4014 possidere,
890 3958 942 3994 nou
961 3957 1017 3996 esse
1070 3941 1178 4005 stratui,
1195 3942 1265 4012 perti
1283 3959 1344 3996 rero
1361 3943 1445 3996 lsesse
1458 3941 1490 3994 sd
1502 3943 1629 3998 interesse
1643 3957 1759 4002 teneatur
1770 3965 1824 4002 nou
1838 3961 1892 4006 tuus

190 4028 336 4086 dominnm
357 4029 443 4098 ipsius
461 4026 579 4096 prseslii,
599 4025 646 4079 sed
665 4035 693 4078 et
711 4023 780 4079 iacto
805 4025 884 4091 licet,
895 4027 947 4099 joir
966 4025 1017 4080 Ιιαιι
1070 4023 1205 4089 auterens,
1224 4023 1279 4077 uisi
1296 4023 1373 4079 dolus
1389 4023 1476 4098 ipsius
1494 4025 1600 4100 probsri
1618 4028 1717 4102 possit,
1729 4048 1807 4102 quem
1821 4031 1893 4088 ιω...

175 4115 269 4170 ,ἱιΙιιιι
289 4113 340 4170 des
358 4112 442 4166 Grnss
461 4127 519 4164 ven
531 4110 581 4164 der
601 4121 788 4181 ongemcnten
814 4111 936 4176 Wesen,
949 4112 1012 4167 dces
1072 4119 1112 4174 ts,
1131 4126 1176 4165 eeu
1193 4125 1298 4180 sponse.

885 4274 1132 4349 CAPUT
1179 4275 1225 4344 V.

454 4447 511 4515 De
533 4445 786 4518 damnaretur
808 4445 935 4516 olienis
958 4448 1060 4517 illoto
1081 4442 1329 4539 intercipiendo
1352 4459 1388 4514 et
1411 4445 1615 4516 auertendo.

433 4619 455 4672 S
476 4619 506 4676 tt
519 4621 556 4675 1
570 4621 609 4674 d!
620 4621 649 4675 A
669 4623 696 4675 n
714 4621 734 4674 1
750 4620 780 4672 A
1075 4621 1123 4676 An
1137 4629 1213 4676 tutor
1222 4635 1278 4675 rem
1291 4617 1419 4691 upupillc
1431 4620 1590 4676 conductam
1603 4621 1679 4690 lopro
1702 4621 1893 4680 conductionis

1109 4717 1230 4773 tempore
1242 4704 1393 4759 conducere
1403 4703 1490 4773 possit
1503 4703 1531 4758 in
1544 4703 1675 4759 damnum
1688 4707 1798 4774 pnpilli?
1813 4725 1840 4762 n.
1849 4709 1895 4763 to.

187 4802 245 4856 An
255 4793 388 4866 differunt
404 4790 434 4847 ri
450 4789 611 4860 intercipere
622 4799 649 4846 et
660 4791 828 4862 crsfmein.
842 4792 867 4844 1.
947 4829 948 4832 ,
1075 4788 1123 4842 An
1137 4785 1893 4858 uniportiperitioresadvocatosconducerelicetiniii.

192 4886 247 4938 An
263 4899 363 4942 norem
375 4881 478 4934 molens
491 4886 631 4931 restruere
641 4876 704 4929 lebet
712 4873 739 4929 rt
754 4875 926 4930 commodum
939 4874 1023 4930 ciuile
1074 4873 1124 4925 An
1137 4873 1229 4928 minor
1242 4869 1378 4924 obstinere
1397 4880 1486 4941 potest
1496 4889 1514 4924 ιι
1527 4872 1695 4928 restitutione
1718 4877 1837 4948 petendo
1857 4895 1894 4932 eu

232 4965 329 5021 ποια,
340 4957 715 5036 ,mtpm‘ffitpeprptptprprr
726 4976 755 5014 ιι.
768 4961 795 5014 7,
1111 4971 1167 5023 pua
1180 4952 1347 5008 consortibus
1358 4951 1509 5024 majoribus
1520 4953 1624 5008 lucrum
1642 4957 1794 5026 speretur?
1807 4977 1834 5014 ιι.
1847 4960 1890 5013 61.

195 5057 251 5107 An
267 5066 354 5106 uenus
362 5052 439 5121 putei
447 5045 531 5102 vieini
541 5045 693 5110 obstruere,
705 5053 732 5097 et
744 5059 846 5116 apuam
864 5042 1025 5116 intercipere
1077 5037 1126 5088 An
1134 5036 1266 5112 dominus
1277 5035 1392 5089 directus
1405 5033 1433 5090 in
1444 5036 1644 5110 proq'udicium
1667 5043 1893 5114 agnatorumset·

232 5134 321 5188 13⁰0,st
333 5152 360 5187 η,
374 5136 400 5187 p,
1111 5119 1218 5175 lenium
1230 5120 1346 5173 crescito
1360 5119 1494 5174 remittere
1502 5121 1587 5192 possit
1599 5121 1611 5178 i
1624 5142 1653 5176 ιι.
1662 5125 1707 5180 66.

195 5223 254 5274 Ars
266 5215 375 5271 licetee
389 5215 503 5270 alterins
515 5214 595 5268 berte
618 5227 735 5267 examen
753 5229 833 5282 opum
851 5212 965 5267 domim
979 5211 1022 5266 trs·
1075 5207 1126 5258 An
1136 5205 1311 5260 creditoribus
1318 5205 1443 5278 pluribus
1462 5205 1581 5260 debitori
1601 5208 1663 5261 licet
1682 5219 1791 5281 portem
1810 5209 1894 5265 dediti

234 5300 386 5367 renim?
398 5318 425 5354 η.
438 5300 484 5350 21.
1112 5293 1245 5346 remittere
1257 5289 1285 5344 in
1298 5291 1427 5344 damnum
1433 5289 1613 5360 pauciorum?
1625 5311 1654 5348 n.
1666 5293 1712 5346 80.

196 5389 252 5442 An
266 5399 325 5438 rem
347 5399 385 5438 ee
405 5380 519 5438 atterius
539 5383 622 5439 domo
636 5379 794 5437 derelictam
807 5381 920 5454 cusiene
941 5379 1024 5434 licet?
1077 5379 1127 5430 Ars
1139 5377 1197 5431 dei.
1211 5379 1263 5432 uni
1276 5375 1408 5431 creditori
1427 5393 1493 5448 prce
1513 5375 1623 5450 reliquis
1647 5378 1755 5435 soluere
1782 5379 1894 5452 potest?

238 5488 268 5522 rs.
286 5469 331 5520 23.
1111 5489 1140 5524 n.
1158 5471 1203 5524 tt.

199 5561 256 5611 An
268 5554 425 5608 tdeseurum
437 5554 467 5608 in
486 5553 578 5608 attero
603 5559 736 5620 repertum
754 5549 915 5622 intercipere
938 5549 1026 5606 iicet?
1078 5555 1125 5608 An
1132 5554 1200 5628 jure
1211 5551 1375 5609 retorricnir
1387 5555 1437 5630 jus
1464 5543 1618 5628 cumpetenr
1640 5556 1801 5629 intercipere
1811 5553 1894 5612 iicet?

238 5657 268 5692 n.
286 5637 328 5690 tt.
1111 5659 1139 5694 n.
1159 5639 1220 5693 109.

194 5733 254 5778 Ars
268 5741 338 5778 unus
349 5723 391 5778 rel
399 5721 536 5789 pauciores
545 5721 660 5777 caeteris
671 5719 771 5776 ciuibus
779 5719 939 5795 peregrines
952 5737 1021 5774 mer·
1077 5726 1128 5780 An
1138 5726 1260 5782 eamdem
1271 5723 1484 5798 negotiationem
1495 5734 1522 5779 et
1533 5735 1619 5786 artent
1630 5724 1659 5781 in
1671 5723 1805 5780 ἄιιιιιιιιιιι
1827 5726 1894 5780 olte-

239 5825 282 5860 ces
291 5809 404 5880 potsunt
417 5806 596 5881 intercipere?
607 5826 636 5862 n.
650 5808 694 5862 33.
1110 5813 1168 5868 ιὶιιι
1180 5827 1306 5868 exercere
1317 5809 1398 5866 licet?
1410 5828 1439 5864 n·
1452 5809 1513 5868 116.

259 5892 359 5964 Stryiii
393 5893 453 5948 rot.
475 5894 512 5948 V.
1708 5893 1743 5947 tt
