4414 6220
379 181 433 242 995

955 187 1143 250 uisceris.
1160 195 1194 250 tt.
1211 192 1329 252 esent*
1346 195 1378 252 V.

327 288 405 342 enisu
425 287 481 342 iere
503 297 545 343 est
563 287 708 356 treietitii,
732 284 800 358 qnod
823 283 983 354 edrocetus,
1003 289 1052 358 qui
1071 289 1151 342 unios
1199 290 1360 346 remittendo
1371 285 1557 360 praeiudicare,
1569 285 1668 346 sciiioet
1680 295 1743 344 ente
1755 283 1913 340 sententieue
1926 285 2013 357 prise·

324 372 406 444 pertis
425 387 518 426 erosos
539 371 676 441 cognorit,
693 370 727 426 ed
746 371 856 425 eitesem
876 386 975 441 pestem
995 373 1152 443 postnisndo
1200 377 1303 432 toriem.
1314 375 1420 429 Etenim
1436 373 1506 428 iendi
1526 374 1642 445 prisetio
1654 391 1706 428 non
1719 370 1852 442 contingit
1865 369 1924 443 ipso
1937 373 2013 442 iure,
2032 359 2088 416 ’Μ’

329 457 464 512 consulere
482 473 534 511 non
553 460 657 528 possit,
676 456 722 512 sed
742 457 830 528 potine
852 455 902 510 hoc
927 456 996 512 iectu
1022 467 1076 510 turn
1094 457 1150 510 eri·
1200 459 1259 516 iicet
1277 460 1310 513 de
1328 460 1424 515 delicto
1442 461 1495 528 jem
1513 470 1637 526 constet,
1655 455 1702 512 sed
1721 457 1827 512 demum
1846 472 1893 526 per
1911 467 2018 512 senten·

331 557 394 595 men
415 541 654 613 pressericetionie
671 540 806 606 incurret,
824 558 902 611 quesn
920 540 1075 612 exceptione
1095 541 1150 594 ine·
1202 544 1289 610 siem,
1309 544 1487 599 Prncbroeun.
1505 559 1533 596 v.
1553 546 1578 596 1.
1595 558 1672 596 cons.
1691 541 1735 592 28·
1754 560 1773 596 n
1801 541 1846 593 01.
1865 539 2018 596 liusentbsl.

331 623 478 694 ptttodtnie
493 623 666 696 repellendus.
681 623 769 678 strne.
786 621 828 678 it'i·
839 625 873 678 de
882 625 1058 697 postulando.
1071 626 1094 692 §-
1108 625 1153 680 1⁰.
1201 627 1316 700 defiud.
1333 646 1354 681 o.
1377 628 1419 698 1¹⁰.
1432 625 1518 680 conci.
1531 625 1575 678 iil.
1589 643 1607 678 rs
1629 625 1653 678 b.
1667 624 1720 678 no.
1731 622 1932 679 Berrnnesnenn.
1945 639 2021 680 cons.
2038 607 2075 664 ’19

276 713 311 763 60
333 709 382 763 [in
405 707 602 764 Brsnneerenn.
621 707 661 763 sd
682 708 808 766 Wesend.
832 708 860 763 d.
878 721 898 760 s.
917 729 961 782 pn.
978 709 1005 764 ii.
1023 711 1095 762 ilaec
1115 720 1150 764 te·
1202 713 1229 766 8.
1247 731 1275 765 n.
1294 712 1378 778 adeo,
1397 719 1426 764 nt
1445 712 1526 764 etiem
1545 705 1725 762 esseruntdd.
1744 705 1897 779 quodlicet
1916 709 1945 764 in
1964 711 2023 780 iege

334 810 397 848 men
414 793 538 865 exceptio
556 795 640 848 ioennr
660 809 713 847 nou
734 791 850 858 invenit,
864 793 887 846 si
906 795 981 847 doius
1000 795 1082 865 pertis
1094 811 1153 848 oon·
1204 797 1355 861 scribetur,
1373 795 1431 866 ipso
1451 793 1517 846 fecto
1534 791 1569 844 eit
1589 789 1729 864 priertnse
1749 801 1835 846 temen
1853 790 1937 846 edbnc
1954 809 2023 864 opns

333 877 433 942 cussit,
451 877 498 949 qui
517 878 580 931 idco
599 886 699 932 uerum
720 877 842 948 pluribus
859 895 952 933 ercene
970 893 1062 932 oeusee
1079 895 1153 934 rere-
1204 881 1241 935 eit
1259 879 1386 936 sentemie
1405 875 1595 941 deeisrstnrie,
1616 883 1643 928 et
1660 884 1724 929 ente
1741 893 1798 929 eene
1824 875 1905 930 ietesu
1930 874 2021 930 deiin·

332 963 387 1029 int,
401 978 436 1015 ne
448 973 539 1017 contre
557 963 644 1033 ipsum
664 962 796 1032 poetuinro
812 961 923 1015 seirent.
941 963 1006 1016 sors
1024 963 1095 1014 enim
1109 962 1154 1014 do·
1205 981 1287 1034 quens
1305 978 1360 1014 rem
1380 977 1425 1012 een
1444 959 1485 1027 ius
1503 977 1577 1012 suurn
1598 957 1738 1029 nequidem
1758 959 1787 1013 in
1805 959 1965 1014 conscientie
1984 957 2024 1015 sit

332 1048 399 1100 loeis
411 1063 464 1099 non
477 1056 636 1100 succurmnt
653 1045 671 1099 i.
692 1042 812 1112 1.ffide
830 1045 886 1100 dul.
902 1045 968 1098 mei.
986 1056 1012 1100 ct
1028 1045 1061 1098 eb
1078 1047 1155 1100 omrri
1204 1045 1330 1112 obtipsrus
1353 1041 1500 1096 dimittere.
1519 1041 1591 1096 lese.
1609 1043 1644 1097 de
1655 1043 1683 1117 j.
1702 1053 1729 1097 et
1738 1043 1764 1118 J'.
1782 1043 1803 1096 t.
1819 1043 1844 1097 Ξ.
1863 1062 1886 1098 o.
1904 1045 1931 1098 9.
1950 1044 1975 1099 d.
1993 1046 2023 1099 7.

340 1132 447 1200 negotio
459 1130 535 1184 doios
544 1129 619 1185 debet
633 1147 690 1184 esee
702 1132 834 1186 exclusus.

1204 1146 1232 1181 rr.
1248 1126 1293 1179 11.
1314 1127 1365 1180 Du.
1386 1126 1585 1178 Bruunemenn.
1607 1129 1646 1181 ud
1674 1128 1792 1184 Wesend.
1810 1129 1839 1182 ri.
1854 1128 1894 1182 sis.
1911 1147 1956 1199 qn.
1975 1131 2022 1182 17.

284 1205 318 1256 nt
378 1217 416 1268 tie
434 1214 537 1266 minore
556 1213 651 1268 incidit
666 1214 806 1284 queestio,
826 1212 895 1282 qnod
915 1211 944 1266 in
962 1229 1037 1266 ceuse
1055 1210 1153 1264 indici·
1204 1211 1324 1280 Quodsi
1345 1210 1413 1274 icoo,
1433 1209 1502 1262 uitri!
1522 1211 1576 1264 eibi
1595 1228 1717 1282 errogere
1735 1222 1845 1284 possum
1862 1201 2075 1282 egnetiente'¹⁶

337 1299 411 1367 due,
428 1317 505 1370 quem
524 1299 604 1352 hebet
623 1317 683 1352 eom
708 1297 851 1365 mejeribns
870 1305 1035 1350 comnrnneru
1051 1330 1060 1360 ,
1078 1293 1155 1347 resti·
1203 1291 1299 1346 instem
1320 1295 1582 1359 condemnationem,
1601 1311 1650 1348 nec
1669 1295 1702 1347 de
1717 1296 1778 1364 jore
1795 1294 1884 1366 eiiquo
1900 1299 2024 1369 questro

340 1385 440 1440 tutione
465 1401 511 1437 sue
535 1381 571 1436 ob
588 1381 731 1434 iussionem
757 1381 909 1450 impetente,
929 1379 1052 1448 prodesse
1069 1377 1155 1448 possit
1202 1393 1319 1448 erepere,
1329 1376 1371 1430 sed
1386 1377 1491 1429 demum
1505 1388 1643 1450 expectere
1657 1396 1791 1434 necessum
1805 1381 1902 1436 bebeot
1917 1392 2025 1439 senten·

339 1469 505 1538 meinsibus,
524 1467 628 1534 iiiieque
645 1475 751 1528 contre,
770 1463 793 1514 si
814 1462 876 1515 reiit
893 1461 1028 1530 egregium
1051 1462 1152 1516 inernrn
1205 1459 1268 1512 tiem
1287 1460 1547 1528 eundemnetoriem,
1564 1481 1613 1534 qne
1633 1471 1765 1532 runnu,
1779 1472 1865 1535 cipes
1882 1465 2023 1523 dominnm

339 1553 513 1623 intercipere,
530 1551 554 1603 si
572 1547 669 1600 omieee
691 1542 863 1598 restitutione
888 1563 948 1598 eum
973 1547 1055 1599 eltcre
1081 1557 1156 1616 perte

1203 1544 1331 1598 ‹iirectum
1351 1543 1502 1614 impedite,
1520 1546 1632 1602 censebit
1649 1547 1733 1601 etiem
1748 1549 1791 1617 jus
1810 1548 1927 1604 iliorum·
1945 1553 2023 1607 Stsu·

282 1628 318 1680 62
337 1638 483 1703 miger,-
500 1645 586 1701 usqne
604 1631 640 1681 ite
659 1625 782 1683 iaciendo
800 1629 918 1698 peccabit
931 1627 1035 1694 minor,
1048 1643 1101 1686 utut
1114 1647 1156 1684 se·
1205 1631 1263 1682 rins
1282 1647 1304 1682 c.
1325 1630 1368 1682 iii.
1387 1628 1411 1702 5.
1431 1630 1474 1682 1².
1493 1649 1521 1682 n.
1540 1630 1566 1685 ii.
1584 1629 1639 1684 Dn.
1657 1631 1793 1686 treenta
1812 1631 1878 1704 disp.
1895 1631 1930 1687 rie
1947 1637 2024 1704 snipn

281 1725 317 1776 63
335 1723 471 1789 iiqnornro
483 1713 608 1768 domnum
623 1712 722 1767 exinde
735 1727 873 1781 emergens
892 1712 926 1764 sit
945 1712 1087 1782 liquidnm.
1102 1713 1155 1767 Etsi
1204 1714 1327 1768 vossniiu
1353 1713 1474 1769 remc'ssu.
1492 1733 1517 1768 n.
1535 1713 1560 1768 1.
1579 1731 1605 1766 rr.
1631 1713 1673 1768 18.
1694 1730 1766 1784 seqq.
1791 1715 1882 1786 licque
1899 1732 1960 1771 reso
1978 1719 2024 1774 bic
2041 1705 2078 1758 ’Π

335 1802 408 1855 euim
423 1801 451 1854 in
464 1815 493 1853 re
506 1796 640 1853 conmuni
659 1796 746 1850 inrito
764 1797 834 1850 socio
853 1795 921 1850 nihii
942 1797 1015 1851 iioeet
1034 1797 1119 1850 iecere
1137 1797 1155 1850 i.
1203 1797 1309 1864 obstet,
1324 1801 1396 1870 quod
1417 1799 1532 1852 maxime
1550 1797 1656 1852 obstere
1674 1797 1791 1864 ridetur,
1804 1799 1874 1870 qnod
1888 1799 1952 1854 iurti
1966 1819 2024 1873 poe«

335 1885 425 1956 stiffi
439 1887 472 1939 de
484 1900 507 1936 s.
516 1901 544 1956 p.
558 1879 733 1954 1159111
746 1882 809 1934 r-ri.
822 1891 850 1934 et
864 1879 958 1935 meiior
970 1884 1008 1934 sit
1019 1881 1084 1935 retio
1097 1900 1156 1952 psu-
1206 1897 1237 1932 ne
1251 1881 1354 1947 ciriiis,
1372 1882 1459 1952 qneiis
1476 1883 1556 1937 etiem
1577 1881 1622 1933 iiie
1641 1881 1711 1935 ectio
1729 1888 1819 1934 contre
1838 1881 1975 1936 resseiiuru
1990 1885 2024 1939 ed

334 1969 455 2026 bibentis
468 1970 488 2021 t.
499 1967 625 2022 dadinus.
638 1961 729 2033 2&st.
740 1982 835 2018 comm.
848 1965 930 2018 divid.
950 1975 1083 2034 prseteree
1103 1983 1156 2019 uon

1206 1964 1400 2034 priretionem,
1419 1985 1434 2019 e
1453 1967 1543 2034 judice
1561 1965 1665 2020 remitti
1685 1976 1805 2037 nequeer.
1823 1964 2025 2024 concedendurn
2042 1952 2079 2006 '¹⁸

344 2056 428 2108 solunt
442 2051 583 2115 muttum,
597 2046 643 2102 scd
656 2060 681 2102 et
692 2048 793 2100 lucrum
807 2047 835 2098 in
850 2065 878 2100 se
891 2047 1025 2101 eommuni
1040 2049 1073 2101 sit
1086 2067 1157 2102 oom-
1205 2048 1278 2100 enine
1297 2050 1398 2103 interes
1417 2048 1467 2102 boc
1486 2051 1558 2116 erit,
1579 2047 1649 2121 qnod
1669 2067 1753 2120 poene
1772 2050 1817 2102 iiie
1836 2048 1901 2104 inrti
1922 2053 2026 2106 remitti

283 2151 318 2204 u
336 2143 451 2200 sununs
477 2138 502 2187 1.
515 2132 643 2188 iussit-ds
655 2131 745 2186 societ.
766 2130 785 2183 i.
804 2128 1077 2201 septentriones
1097 2134 1159 2189 been

335 2221 426 2277 omnis
444 2219 516 2274 nibil
533 2217 660 2290 derogent
677 2216 798 2271 licentiee
822 2216 937 2270 minoris
964 2218 1155 2287 treusigentis,

335 2302 495 2361 beneficium
512 2301 584 2358 enisu
604 2301 802 2366 restitutionis,
819 2301 888 2371 quod
911 2299 937 2353 si
963 2302 1110 2372 competit,
1130 2305 1156 2357 ei

336 2391 388 2444 soii
404 2385 544 2462 proprium
563 2397 620 2452 est,
643 2402 799 2454 seuumque
817 2385 901 2453 ipseru
920 2403 970 2454 qus
989 2401 1155 2440 oornruunern

289 2471 324 2526 65
343 2491 397 2529 non
415 2471 518 2538 efficit,
538 2487 622 2542 neque
646 2478 758 2540 possunt
784 2466 877 2536 reliqui
901 2466 967 2522 socii
991 2466 1106 2536 emplius
1124 2473 1158 2527 de

337 2579 413 2615 nense
429 2559 581 2621 communi,
598 2573 649 2626 qne
666 2555 717 2622 jem
736 2553 911 2616 ceciderunt,
929 2549 1085 2621 disponere,
1106 2566 1156 2602 uec

336 2660 371 2696 es
383 2643 430 2697 iiie
442 2640 475 2696 ed
489 2657 533 2696 eos
551 2640 593 2693 rei
608 2639 733 2690 damnum
747 2637 785 2692 rei
799 2637 901 2690 lucrum
918 2633 1025 2704 eiiqood
1043 2634 1156 2706 emplius

339 2723 487 2784 redundere
504 2735 608 2795 potest,
620 2722 667 2776 sed
685 2723 736 2776 boc
751 2722 854 2775 inerunt
872 2718 941 2790 quod
961 2729 1087 2789 eppetnnt
1102 2735 1152 2772 me·

334 2819 421 2887 joses,
440 2811 470 2865 in
489 2812 602 2864 minoris
620 2807 733 2863 erbitrio
749 2806 890 2870 consistit,
903 2803 1021 2873 iiindqne
1032 2803 1071 2858 rei
1083 2820 1156 2856 corn·

336 2897 486 2960 suunicese,
505 2896 545 2948 rei
563 2894 691 2963 denegare
708 2899 814 2962 potest,
834 2898 861 2941 ut
879 2903 939 2943 rere
958 2887 1008 2938 buc
1025 2887 1156 2956 qnsdret,

335 2981 406 3052 qnod
421 2979 450 3031 in
460 2979 479 3031 i.
492 2974 580 3047 26.sp
591 2976 624 3030 de
636 2975 732 3030 domn.
743 2971 795 3042 inf
810 2971 919 3034 dicitnr:
932 2986 988 3022 non
1000 2969 1101 3022 domno
1113 2968 1156 3038 qs·

325 3065 409 3138 ficis,
422 3063 469 3134 qui
480 3062 554 3118 tuero
568 3061 610 3116 nsi
617 3059 750 3132 prohibet·
766 3055 820 3110 rid.
832 3053 887 3128 irnj.
901 3071 960 3128 cop.
974 3074 1002 3108 n.
1016 3056 1042 3108 ³.

280 3149 317 3201 oo
369 3151 448 3202 iiisce
465 3149 516 3216 jeru
535 3145 615 3198 eddes
633 3160 688 3196 non
705 3139 847 3196 dissimilis
865 3140 1003 3194 commutis
1017 3138 1155 3209 quercio-

336 3250 413 3286 uerus
426 3249 459 3285 en
477 3229 602 3282 dominus
619 3226 751 3291 directus,
771 3242 850 3296 quem
869 3241 922 3278 nou
940 3223 1059 3294 praecise
1078 3224 1156 3277 intei-

337 3317 393 3387 iigo
409 3313 571 3386 prinoipem,
584 3313 613 3364 iu
632 3310 828 3382 praeiudicium
846 3317 1000 3379 egnetosum
1020 3305 1156 3362 ieiioniesn

336 3399 483 3454 condecere
501 3397 585 3469 possit
611 3396 738 3459 sesseiio,
755 3403 783 3448 et
802 3395 975 3466 permittere,
994 3404 1020 3448 ut
1038 3393 1154 3448 retinent

334 3485 462 3540 resseiiue
484 3481 609 3547 feudum,
626 3478 696 3552 quod
718 3480 785 3534 eiies
801 3480 836 3533 ob
853 3479 980 3534 delictum
999 3477 1028 3532 in
1046 3491 1154 3548 egnetos

282 3593 318 3644 37
335 3569 482 3624 desolutum
501 3566 592 3621 esset?
610 3567 696 3634 Quem
715 3564 895 3634 queestioneru
913 3564 1006 3618 enitent
1025 3562 1059 3615 dc
1077 3561 1155 3616 iendo

335 3655 419 3710 reteri
437 3651 594 3706 iuteiiectent
612 3649 748 3713 roiurnns,
764 3649 804 3700 eei
822 3646 900 3700 etiern
919 3647 953 3700 de
971 3644 1049 3700 iendo
1076 3664 1154 3712 noro,

336 3739 435 3810 inquo
460 3737 557 3807 eliquit
583 3737 636 3805 jum
662 3733 850 3805 expectetirem
869 3733 899 3784 in
915 3749 1003 3784 cusum
1022 3733 1155 3786 recentius

279 3841 315 3892 pp
336 3821 498 3894 impetrarit.
517 3819 551 3871 Et
569 3818 626 3872 iliic
644 3817 752 3888 quidem
770 3815 890 3870 ductores
914 3814 1091 3868 conmuniter
1109 3814 1152 3868 di·

334 3907 475 3977 stioguuut
494 3904 562 3960 inter
581 3902 718 3956 ieiioniem
736 3903 765 3954 in
783 3901 921 3954 dominnm
939 3898 1116 3962 commissero,
1131 3907 1156 3956 et

281 4019 317 4071 p„
336 4009 408 4058 seru,
429 4007 494 4060 quse
513 3989 540 4042 in
560 3998 714 4042 estreucusu
733 3986 923 4064 mmmittiturp
942 3984 989 4038 iiio
1006 3997 1066 4034 essu
1083 3983 1152 4034 indi-

338 4076 434 4129 stincte
451 4071 576 4124 dominus
593 4071 696 4142 enipeus
709 4069 848 4132 remittere
866 4075 953 4138 potest
967 4065 1153 4118 corrtredicen·

337 4159 409 4213 tibus
426 4156 489 4210 iicet
506 4153 626 4224 egueris,
644 4154 705 4225 quie
724 4154 782 4207 iliis
799 4167 886 4207 serere
904 4149 974 4202 uiitii
992 4148 1154 4220 preeiodice·

336 4253 394 4309 tus,
412 4241 519 4295 iendum
538 4241 612 4295 onim
633 4251 695 4294 tuuc
712 4238 864 4294 derointnrn
883 4245 953 4287 esset
966 4235 998 4288 ed
1012 4233 1153 4288 dominnm

335 4325 516 4379 remittentem
527 4359 535 4388 ,
548 4323 674 4394 quemriin
692 4323 774 4393 uiiqui
792 4337 827 4376 es
844 4319 1025 4389 delinquentis
1044 4316 1151 4372 ‹irecen-

279 4409 314 4462 'iti
334 4411 459 4464 dentibus
472 4417 625 4480 supersunt.
638 4409 727 4462 strue.
738 4421 763 4458 s.
772 4403 827 4475 1¹.ss
839 4421 863 4460 c.
881 4404 958 4470 itte
974 4403 1017 4454 15.
1031 4400 1152 4473 Corpeni.

329 4515 357 4567 p.
369 4497 397 4548 3.
408 4513 430 4550 o.
441 4492 521 4550 did.
537 4495 581 4546 1³.
596 4493 629 4546 bt
649 4491 677 4544 iu
694 4508 756 4544 esen
773 4489 932 4560 posteriori,
950 4487 1073 4556 quonism
1095 4487 1150 4540 ien-

332 4580 396 4634 duue
414 4595 467 4632 uon
486 4579 518 4631 ed
538 4577 692 4638 dominum,
711 4575 757 4628 sed
777 4575 865 4628 sterius
883 4573 916 4625 ed
935 4581 1043 4641 egnstoe
1061 4573 1151 4641 proxi·

334 4663 432 4718 cniores
449 4661 610 4725 deroiritur,
624 4675 677 4713 non
690 4667 806 4723 estento,
823 4672 858 4710 en
876 4655 1034 4726 deliuquens
1052 4656 1152 4709 liberos

330 4749 417 4802 edbno
434 4747 537 4801 brbeet.
556 4747 646 4801 strue.
663 4760 686 4799 s.
699 4743 721 4812 Ῐ.
730 4743 760 4813 s.
777 4759 801 4796 c.
820 4743 865 4796 ss.
882 4749 905 4806 ς.
925 4741 969 4796 11.
988 4759 1016 4796 n.
1027 4741 1053 4793 b.
1068 4744 1152 4812 sunjus

277 4843 310 4893 τι
331 4841 371 4884 est
384 4831 493 4883 dubium
512 4829 582 4883 circe
601 4828 798 4882 remissionem.
810 4829 911 4898 Urgent
922 4829 997 4881 enim
1010 4829 1095 4897 egnati
1108 4831 1152 4896 jus

328 4915 474 4986 quaesitum
494 4912 547 4966 sibi
567 4927 618 4966 non
636 4911 826 4976 edimendnm,
844 4913 865 4964 i.
883 4911 909 4964 1.
926 4929 950 4966 o·
968 4912 1001 4966 de
1018 4913 1150 4982 emancip.

330 4999 404 5053 iider.
422 4997 547 5051 Menoeis.
563 5012 640 5052 corre.
660 4997 722 5048 103.
740 5013 768 5048 n.
788 4997 831 5048 96.
851 5005 877 5049 es
894 5012 972 5050 cons.
992 4998 1054 5048 181.
1065 5014 1094 5048 n.
1109 4997 1150 5050 11.

328 5099 390 5137 curn
404 5099 437 5134 ue
449 5080 556 5152 quidem
574 5081 701 5152 priuoeps
713 5080 813 5148 spuetis
826 5078 988 5150 probebiieru
1002 5096 1076 5150 spem
1090 5095 1149 5150 prr·

329 5164 456 5219 seniendi
474 5164 507 5218 sd
526 5163 634 5218 ieudum
660 5165 817 5236 intercipere
841 5165 940 5235 pussit;
960 5165 1031 5217 i’etr.
1052 5164 1151 5226 boton.

329 5253 364 5307 de
381 5252 458 5304 Perre
475 5249 584 5324 dejure
601 5265 694 5322 putres.
712 5268 766 5319 per
781 5249 902 5318 princip.
921 5269 979 5306 nuce
999 5248 1108 5304 tollend.
1126 5269 1152 5305 c.

274 5367 311 5418 π
329 5337 373 5390 99
391 5355 438 5408 pu·
456 5335 483 5388 9.
495 5353 525 5385 n·
540 5335 600 5388 1³0.
619 5333 689 5389 nude
700 5336 723 5388 si
738 5335 864 5390 delictum
878 5336 1027 5406 priretioue
1038 5337 1149 5406 dignum

329 5443 343 5475 e
364 5421 473 5475 reeselio
490 5421 679 5487 commissum,
697 5437 727 5475 se
743 5429 804 5492 poss
825 5420 902 5473 ilium
926 5437 985 5476 esse
1003 5421 1150 5492 prosimio·

276 5513 311 5562 'id
331 5523 390 5573 res,
409 5505 515 5577 sibique
532 5505 585 5576 iens
610 5502 722 5558 feudum
740 5515 895 5575 competere.
913 5507 1013 5560 Verum
1034 5505 1076 5558 bis
1095 5523 1150 5560 nrrn

327 5589 499 5647 obstantibus
517 5599 582 5663 puto
599 5587 684 5642 edbuo
701 5587 807 5642 ticitnsu
833 5605 889 5644 esee
914 5588 1023 5644 domino
1045 5590 1151 5660 egueris

1206 2133 1290 2203 possit
1302 2153 1316 2186 e
1330 2133 1455 2198 domino,
1475 2135 1516 2187 cni
1537 2133 1638 2188 iurtnnt
1657 2134 1753 2187 fectum
1774 2145 1831 2199 est,
1850 2151 1912 2205 ergo
1930 2136 2026 2205 quidni

1207 2217 1286 2269 etiem
1310 2236 1390 2288 poene
1419 2218 1543 2274 ieiionine
1560 2237 1574 2272 e
1593 2217 1718 2285 domino,
1737 2229 1828 2272 contre
1846 2236 1925 2288 quern
1951 2239 2024 2276 corn·

1207 2301 1302 2366 misse,
1320 2303 1374 2356 eise
1392 2303 1509 2374 cognitio
1527 2321 1618 2360 reusce
1635 2307 1670 2362 ed
1690 2305 1768 2359 iiinru
1789 2313 1890 2374 spectet
1904 2304 2023 2362 sirenon

1206 2387 1244 2439 eti
1263 2387 1419 2459 contingere
1439 2401 1543 2462 potest,
1557 2391 1580 2444 si
1599 2389 1723 2447 dominus
1743 2391 1779 2446 sit
1799 2392 1936 2462 prierius,
1950 2395 2028 2464 etin·
2044 2387 2082 2444 ’19

1206 2471 1365 2528 risdictione
1377 2485 1476 2538 career,
1491 2475 1537 2529 ubi
1551 2475 1631 2546 judee
1642 2477 1730 2551 qrririe
1742 2473 1816 2530 ieudi
1831 2474 1878 2530 siti
1890 2476 1943 2532 erit
1954 2493 2026 2534 curn·

1206 2567 1312 2627 petens,
1324 2557 1403 2611 etiem
1419 2557 1545 2612 inierior.

1243 2639 1280 2692 td
1293 2642 1428 2695 licentium
1441 2642 1530 2694 domni
1545 2639 1677 2695 iniercrsdi
1694 2654 1792 2714 spectet
1810 2647 1897 2702 etism
1917 2663 2031 2719 mneos
2047 2637 2085 2694 ω

1205 2738 1292 2776 ocsrrss
1304 2725 1325 2778 si
1341 2725 1401 2795 quis
1420 2737 1483 2778 snut
1502 2729 1590 2798 piures
1603 2727 1681 2780 uuins
1693 2727 1823 2784 debitoris
1837 2731 1958 2786 obsereti
1972 2751 2029 2788 cre·

1205 2806 1322 2873 ditores,
1339 2810 1443 2862 licitum
1462 2821 1502 2864 est
1520 2809 1676 2883 quibusdem
1696 2829 1727 2865 eo
1746 2812 1819 2884 ipso,
1837 2815 1906 2886 quod
1925 2828 2025 2888 pectem

1204 2891 1236 2943 de
1248 2891 1351 2946 credito
1363 2911 1409 2947 suo
1423 2897 1588 2961 remiserint,
1602 2897 1679 2952 etiem
1703 2899 1901 2954 conor-editores
1913 2919 1944 2956 co
1954 2919 2026 2957 corn·

1204 2978 1314 3046 priiece,
1334 2988 1362 3031 ut
1380 2980 1482 3050 eiiqnid
1502 2980 1638 3035 remittent
1657 2979 1755 3035 deson
1774 2983 1893 3050 credito,
1906 2987 1962 3042 sire
1983 3003 2027 3041 re·

1205 3059 1256 3111 iint
1274 3061 1332 3113 sire
1349 3062 1445 3113 nolint.
1465 3061 1541 3132 Quod
1560 3064 1672 3117 omnino
1690 3063 1775 3118 rideri
1801 3079 1893 3139 posset
1916 3071 2023 3142 pecedu·
2043 3089 2079 3146 ῃ

1205 3159 1273 3206 song
1292 3144 1359 3212 juris
1370 3145 1448 3198 enim
1468 3148 1595 3214 regnieris
1620 3159 1682 3213 est,
1699 3148 1769 3222 quod
1795 3153 1926 3210 netureiis
1943 3155 2025 3212 simui

1203 3237 1230 3279 et
1248 3227 1337 3282 oieiiis
1356 3227 1426 3284 retio'
1439 3231 1562 3294 sundeet,
1581 3231 1697 3286 eiienem
1716 3233 1898 3290 conditionem
1916 3239 2026 3311 quiden

1205 3311 1357 3376 meiiorem,
1371 3311 1450 3366 etiem
1469 3313 1617 3383 ignorantis
1636 3325 1664 3369 et
1682 3316 1758 3374 inriti
1780 3317 1867 3376 iecere
1880 3339 1966 3394 posse,
1979 3325 2026 3379 de·

1205 3397 1329 3450 teriorem
1349 3413 1402 3450 non
1422 3415 1507 3468 posse.
1524 3399 1543 3451 1.
1562 3395 1655 3468 99,βῖ
1676 3401 1709 3456 de
1727 3421 1786 3474 neg.
1804 3415 1871 3474 pest.
1888 3405 2023 3466 necsitesi

1204 3497 1251 3552 per
1268 3480 1381 3534 eiternm
1401 3481 1519 3552 iniquom
1544 3482 1740 3538 condictionem
1760 3484 1862 3542 inierre
1889 3487 1985 3546 debere
2002 3509 2025 3546 c.

1204 3567 1247 3617 22.
1265 3565 1298 3618 de
1316 3584 1372 3634 reg.
1385 3563 1442 3634 p'rsr.
1460 3568 1489 3618 t'n
1510 3567 1565 3620 deo.
1587 3565 1639 3620 Sed
1660 3567 1724 3623 beec
1750 3571 1833 3624 siiere
1851 3571 1951 3627 simiiie
1972 3591 2025 3630 non
2042 3591 2081 3644 32

1203 3660 1312 3722 morunt
1329 3646 1455 3714 eii'rcere,
1473 3649 1616 3722 quominus
1634 3650 1690 3722 legi
1709 3654 1832 3724 scriptur.
1851 3657 1875 3708 'i.
1894 3663 1917 3720 5·
1929 3656 1986 3727 fin.
1999 3671 2025 3715 es

1203 3735 1221 3788 1.
1239 3735 1267 3786 d·
1282 3731 1319 3802 ff.
1337 3735 1370 3787 de
1385 3743 1458 3806 poci.
1478 3735 1649 3800 insistemus,
1665 3745 1693 3788 ut
1705 3737 1769 3792 adeo
1781 3751 1876 3794 contre
1891 3741 1958 3795 bene
1971 3743 2025 3797 die·

1204 3819 1361 3888 pooitionem
1377 3817 1531 3890 nequidem
1550 3820 1689 3890 quicquum
1710 3823 1794 3877 seieet
1806 3865 1814 3889 ,
1827 3825 1896 3894 qnod
1911 3827 2024 3894 dicitnr,

1204 3902 1232 3953 in
1252 3917 1343 3956 nostro
1361 3903 1461 3973 eiiquid
1482 3903 1566 3956 iecere
1583 3921 1721 3974 possumus
1740 3907 1769 3960 in
1787 3909 1901 3964 eiterius
1920 3911 2021 3966 incoru-

1205 3986 1335 4050 soodnm,
1353 3988 1433 4040 morio
1450 3983 1498 4038 stet
1515 4003 1573 4040 cnm
1592 3999 1685 4042 nostro
1705 3993 1867 4060 commodo,
1886 3993 1938 4049 rid.
1955 4013 1979 4049 c.
1996 3995 2022 4048 9.

1203 4089 1233 4124 e.
1250 4071 1293 4126 20.
1314 4069 1365 4124 Seri
1381 4071 1430 4122 itio
1448 4071 1601 4126 inveniende
1619 4073 1695 4143 piane
1712 4083 1753 4127 est
1772 4077 1874 4143 reguis,
1889 4088 1916 4130 et
1934 4081 2024 4150 potius
2040 4084 2078 4136 89

1203 4171 1309 4220 seruus
1328 4156 1357 4208 in
1376 4165 1468 4209 nostro
1485 4173 1531 4208 eeu
1548 4156 1581 4208 de
1599 4171 1629 4210 rc
1647 4167 1737 4210 nostre
1755 4157 1864 4226 eiiquid
1884 4159 1970 4216 iecere
1988 4163 2024 4215 ii·

1201 4249 1242 4294 cet
1261 4240 1291 4292 in
1307 4238 1433 4294 damnum
1451 4241 1569 4305 eitertns,
1589 4241 1712 4294 modoet
1730 4252 1850 4296 nostrum
1875 4244 2022 4302 incommo-

1203 4325 1266 4378 dum
1284 4332 1430 4378 concurret.
1450 4321 1527 4393 Quod
1547 4325 1613 4377 ntiie
1631 4334 1671 4378 est
1689 4327 1799 4378 omnino
1815 4327 1976 4396 obsessssse,
1991 4330 2022 4382 ii·
2039 4345 2074 4398 gs

1201 4405 1237 4458 iis
1254 4405 1442 4469 oreditoribus,
1455 4406 1555 4476 quiime
1568 4407 1660 4460 inritis
1679 4409 1782 4462 iurrnru
1803 4411 1983 4485 intercipitur,
1995 4425 2023 4468 et

1185 4491 1278 4546 inriti
1298 4506 1345 4560 per
1362 4491 1474 4543 eiiornnt
1495 4491 1614 4558 jectutsm
1628 4491 1816 4546 iibereiitnt'rru
1831 4498 2023 4568 cotupciinutnr

1200 4575 1233 4630 ed
1247 4576 1431 4629 remissionem
1445 4574 1514 4642 juris
1527 4574 1586 4639 sni,
1600 4583 1628 4626 ut
1645 4590 1737 4645 sponte
1756 4579 1954 4634 remittentibus
1969 4595 2020 4632 nou

1201 4660 1294 4713 stetim
1308 4657 1389 4720 iidem
1402 4661 1532 4722 bebesnt,
1550 4659 1595 4722 sed
1613 4660 1688 4729 prins
1707 4662 1768 4716 iiios
1781 4681 1829 4734 per
1845 4667 2018 4733 jurumentum

1200 4745 1360 4816 espiorent,
1378 4761 1411 4797 sn
1431 4761 1484 4796 non
1503 4743 1547 4794 iiie
1568 4747 1689 4799 remissio
1708 4747 1743 4802 sit
1761 4747 1899 4811 siruniete,
1912 4763 1945 4800 eu
1964 4766 2017 4802 non

1201 4829 1342 4886 remittent
1358 4827 1394 4881 ob
1413 4845 1487 4898 spem
1508 4829 1616 4895 meionis
1636 4831 1701 4884 incri
1720 4832 1760 4884 rei
1781 4831 1891 4900 proemii
1912 4851 1926 4885 e
1944 4831 2019 4887 debi-

1202 4929 1258 4970 tore
1284 4913 1464 4983 percipiendi.
1489 4913 1574 4967 Nemo
1597 4917 1669 4969 enim
1695 4917 1870 4986 preesundtur
1887 4933 1963 4976 snum
1984 4923 2023 4990 je·

1200 5009 1285 5054 stesso
1297 4999 1314 5051 i.
1324 4995 1397 5068 Μ.
1408 4999 1443 5052 dr
1453 4999 1532 5066 prud.
1544 4999 1563 5050 1.
1575 4995 1661 5068 iiiffi
1673 4999 1733 5052 eud.
1747 5001 1806 5070 Quo
1824 5018 1877 5056 uon
1890 5005 2019 5073 preestito
2037 5010 2073 5061 85

1200 5099 1254 5138 nou
1273 5091 1351 5154 puto,
1371 5081 1453 5134 uiinm
1473 5098 1507 5134 ex
1527 5083 1758 5152 tergirerseutiirns
1777 5085 1902 5158 compelli
1922 5103 2017 5160 posse,

1200 5177 1233 5222 ut
1245 5168 1277 5222 dc
1290 5171 1347 5236 inre
1360 5183 1407 5222 suo
1420 5168 1545 5221 remittet.
1563 5165 1773 5222 Fundemcntnm
1789 5171 1861 5222 enisu
1873 5169 1935 5224 eiiie
1947 5187 2018 5242 pree·
2037 5185 2073 5238 00

1200 5251 1336 5324 inclinandi
1354 5262 1396 5306 est
1419 5255 1477 5325 ipse
1503 5251 1581 5306 reeiis
1601 5253 1739 5316 remissio,
1760 5255 1823 5308 bueo
1840 5269 1902 5323 erpo
1920 5255 1942 5306 ei
1963 5263 2020 5308 ten-

1200 5347 1256 5391 tum
1276 5335 1358 5391 inerit
1376 5335 1514 5401 sirnnlste,
1525 5345 1553 5390 et
1565 5335 1669 5403 dolose,
1687 5339 1789 5391 rorrrrit
1802 5338 1883 5391 etisrn
1901 5337 1943 5406 jue
1955 5353 2020 5408 qno·

1198 5421 1231 5474 ed
1250 5423 1376 5493 reliquos.
1395 5421 1498 5474 Strscb.
1512 5421 1548 5474 de
1555 5423 1690 5476 decoctor.
1705 5441 1733 5494 p.
1753 5423 1778 5476 6.
1798 5440 1825 5474 n.
1845 5421 1887 5474 ib.
1905 5421 1976 5474 bier.
1988 5421 2018 5475 irs

1199 5503 1306 5560 discsse.
1331 5506 1426 5558 ierom.
1450 5503 1525 5576 inop.
1554 5506 1611 5560 ded.
1630 5523 1652 5559 c.
1672 5507 1696 5557 9.
1718 5527 1745 5560 n.
1767 5507 1827 5559 169.
1845 5505 1905 5560 Non
1933 5513 2019 5560 temen
2036 5545 2079 5598 ⁸7·

1201 5593 1250 5648 bet
1267 5601 1308 5647 est
1324 5589 1408 5646 solnm
1433 5587 1634 5646 brudementnm
1661 5589 1804 5644 inducendi
1832 5595 2020 5648 nscessitetsm
