4446 6220
298 266 353 322 633

245 365 288 422 De
307 359 510 434 metoposccpit't.
531 377 558 412 ιι.
578 356 620 410 10.

249 455 295 502 Aa
316 468 353 502 ιτ
370 445 580 518 physiognomia
597 451 673 496 oetas
691 437 908 510 conjici'possit?
921 457 948 492 ιι.
968 437 1012 490 11.

247 537 280 586 Jn
300 531 424 586 sononia
444 529 529 584 baria
549 526 764 596 maioreom'tatis
781 520 896 594 signum.
918 540 945 578 tt·
967 522 1011 574 13.

247 618 297 670 Ea·
314 615 381 670 solo·
393 623 500 686 aspectu
519 611 586 664 nilsil
603 609 672 666 certi
688 611 721 666 de
740 619 826 664 oetam
845 607 942 664 locheri
963 619 1061 678 potest:

283 719 311 750 ιι.
330 699 372 752 ii.

247 785 306 836 Pro
315 781 426 836 barbato
437 796 467 833 ee
479 777 666 853 mojorenaeos
678 785 811 832 asserente
820 771 848 824 in
861 771 943 826 lesbio
954 787 1064 842 proesu-

285 866 375 919 ntitur.
394 884 421 916 ιι.
440 864 483 917 lli.

249 951 377 1006 Monstra
396 967 432 1002 ιε
446 945 658 1020 physiognomia
675 939 862 1017 dijtstliccnda.
882 957 908 992 ιι.
928 938 970 996 17.

248 1035 303 1088 Ea
316 1033 526 1107 physiognomia
545 1030 708 1103 quandoque
726 1027 848 1100 dignosci
874 1025 951 1082 solet'
967 1021 1067 1092 patrias

284 1137 312 1172 n.
331 1119 374 1170 19.

252 1207 285 1258 la
296 1203 372 1276 jose·
377 1202 562 1273 praesumitur
578 1221 596 1256 a
606 1198 716 1268 patriae
724 1191 859 1268 geniani
873 1209 969 1248 mores.
983 1211 1010 1243 u.
1026 1188 1069 1242 30.

252 1289 352 1344 datie-'c
368 1290 406 1343 od
423 1285 544 1357 regionis
561 1293 689 1338 naturam
703 1283 777 1352 iura
789 1279 968 1336 aocotnodore
986 1272 1069 1327 debet.

285 1391 313 1424 ιι.
331 1373 374 1428 tn.

252 1458 285 1510 in
305 1451 564 1509 ‹lulio-adulterium
576 1448 659 1524 magis
670 1448 847 1518 praesumitur
857 1445 890 1500 tle
902 1443 975 1498 Italo
988 1457 1069 1514 quam

288 1539 324 1592 dr
346 1542 496 1594 Germano.
516 1555 543 1590 ιι.
561 1534 603 1589 61.

252 1625 300 1678 tt:
314 1621 523 1696 physiognomia
541 1629 668 1674 scrutare
688 1627 803 1688 potest,
818 1613 947 1686 quamdiu
973 1609 1072 1682 aliquis

290 1717 411 1760 mortuus
426 1707 470 1758 sit.
489 1724 517 1762 ιι.
535 1705 577 1758 66.

242 1787 310 1858 'Qui
325 1787 463 1845 conssslt'us
479 1807 517 1844 ese
534 1795 593 1842 arte
608 1782 830 1856 playsicgnomico
849 1782 964 1837 alsenam
977 1780 1070 1850 furem

290 1874 420 1945 appellat,
439 1889 494 1934 noer
513 1882 649 1926 teneretur
664 1867 834 1942 injuriarum.
855 1885 881 1918 ιι.Ι
902 1867 945 1917 66.

254 1957 339 2009 Modo
356 1956 419 2028 ipae,
437 1956 470 2011 de
486 1975 539 2027 quo
557 1957 587 2010 it
600 1957 742 2022 asserum,
761 1951 935 2008 cotuuiueril.
954 1967 981 2002 ιι.
1007 1948 1053 2000 67.

222 2125 234 2174 1
255 2127 278 2192 §.
292 2126 314 2176 1.
332 2066 566 2192 physiognomia
586 2138 681 2176 comen
704 2119 826 2192 pluribus
840 2137 891 2172 oon
905 2118 1072 2186 discutimus,-

256 2224 313 2258 com
334 2207 488 2276 euyunoiogia
508 2209 566 2275 ejus
585 2206 723 2259 notissima
743 2205 787 2266 site
806 2201 939 2254 descendit
967 2205 1038 2256 enim
1057 2224 1072 2256 a

219 2302 245 2352 2·
261 2290 335 2360 psci:
361 2303 448 2344 natum
482 2291 519 2344 rel
546 2289 696 2358 ingenium,
716 2299 744 2342 et
770 2303 909 2356 emoneo,
929 2302 1070 2355 cognosco·²

255 2393 357 2439 crissen,
376 2375 531 2443 judico-Dc
544 2372 711 2442 botnossyuaia
726 2383 825 2425 tantum
847 2370 971 2423 brevibus
990 2370 1071 2420 disse·

256 2475 353 2522 remon
371 2458 475 2529 capitor
493 2460 537 2510 itta
556 2476 604 2514 roa
623 2455 774 2526 dupliciter,
788 2457 827 2510 tel
841 2454 960 2508 strictius
979 2456 1017 2508 rel
1032 2457 1068 2506 ia-

221 2559 237 2610 3
258 2543 327 2604 tius;
346 2542 465 2596 strictius
482 2558 606 2614 qnatenus
623 2561 638 2592 a
656 2539 823 2614 philasophis
840 2541 1013 2594 summonitor
1024 2539 1070 2592 de·

257 2619 370 2689 [insitor.
396 2624 464 2696 qaod
483 2625 516 2680 sit
533 2624 646 2702 scientia
670 2641 730 2694 que
746 2635 853 2677 naturae
878 2623 1014 2678 hominnm
1040 2636 1077 2676 ex*

255 2721 357 2780 aspectu
388 2711 508 2782 corporis
536 2727 567 2764 ao
590 2709 742 2780 praesertim
764 2710 847 2762 soltus
875 2717 1073 2776 cognoscuntur.

257 2792 366 2845 ilenrio
393 2793 519 2864 Stepbsn.
544 2793 573 2847 in
598 2793 716 2850 tltesaur.
738 2809 830 2861 graec.
854 2791 922 2860 orig.
949 2791 995 2844 snb
1020 2805 1071 2843 sco.

263 2893 451 2948 praecorruptus
474 2875 544 2930 Paul.
563 2873 641 2932 zuo.
660 2885 760 2947 quaest.
781 2873 979 2944 predico-legal.
1006 2875 1027 2927 l.
1049 2875 1074 2928 i.

227 2989 249 3040 4.
262 2957 301 3013 tir.
322 2964 344 3013 1.
363 2981 406 3030 qo.
425 2963 449 3014 6.
468 2983 495 3017 ιι.
515 2961 558 3014 tc.
576 2978 646 3032 seqq.
660 2962 748 3014 Latius
765 2962 879 3030 qualiter
897 2959 1072 3029 frequentare

259 3043 327 3097 lctis
345 3053 371 3100 et
391 3048 505 3100 maxime
524 3048 551 3099 in
572 3045 618 3099 bac
636 3046 813 3115 disputatione
832 3056 920 3096 nostra
935 3044 1074 3116 accipitur.

259 3135 286 3179 et
306 3137 378 3181 notat
393 3132 433 3183 sel
450 3131 574 3202 peritiam
587 3147 619 3182 ex
633 3131 750 3184 externis
764 3130 879 3182 iuterna*
889 3131 1071 3196 cognoscendi,

258 3213 297 3264 rei
315 3223 452 3266 emernum
472 3215 588 3285 corporis
608 3214 725 3268 hobitum
743 3223 770 3265 et
795 3213 1017 3282 dispositionem,
1035 3231 1080 3265 aa·

257 3313 305 3364 qm
324 3307 410 3351 certus
430 3297 497 3364 iuria
507 3297 615 3352 allectus
627 3301 749 3370 profluat,
763 3299 850 3352 ethos
861 3314 936 3350 seram
956 3297 1002 3348 dd.
1013 3313 1069 3367 pes·

257 3380 308 3432 sins
328 3390 355 3432 et
373 3380 446 3433 Bald.
464 3383 494 3434 in
512 3391 652 3435 comment·
672 3381 710 3436 od
726 3383 744 3434 l.
762 3383 787 3434 2.
806 3401 828 3435 ι.
846 3401 924 3453 quor.
942 3381 1083 3452 appellata

258 3479 315 3516 noa
346 3463 473 3535 recipitur
495 3467 573 3534 ajunt.
601 3466 710 3520 Malam
725 3467 951 3538 plsysiognomiam
977 3467 990 3536 (
1004 3467 1031 3520 b.
1048 3483 1071 3520 e.

259 3546 359 3599 mullum
377 3548 623 3618 mltosiubitum)
637 3552 730 3604 malam
749 3569 855 3620 arguere
873 3563 999 3605 stateram.

805 253 853 312 tta:
874 259 1145 314 unistoettntttu
1168 257 1206 312 111
1222 258 1367 314 GENERE

1828 263 1882 318 nst

1116 352 1148 405 sd
1168 355 1263 408 bonum
1285 357 1324 408 uel
1344 355 1374 406 od
1402 355 1509 414 maltum.
1529 373 1572 408 seu
1592 371 1640 425 pro
1659 355 1714 418 tuli,
1732 375 1799 427 qnae
1817 375 1869 411 ooo
1889 377 1934 414 ne·

1116 441 1262 493 cessitatem
1283 441 1385 492 bomini
1407 440 1530 510 imponit,
1550 441 1595 492 sot
1616 441 1814 494 inclinationem
1831 459 1863 494 ex
1877 459 1935 494 sun-

1116 524 1196 590 guine
1225 535 1250 576 et
1276 523 1370 594 spiritu
1396 523 1526 588 ostendit,
1547 543 1611 593 qnae
1631 523 1721 577 lrsettc
1740 525 1853 578 rationis
1873 528 1935 578 reti·

1117 605 1175 657 neri
1203 616 1300 676 potest,
1327 609 1399 674 juna
1428 609 1534 662 Aristot.
1553 609 1585 664 tle
1604 611 1689 662 oraim.
1716 610 1732 661 l.
1760 613 1782 662 1.
1809 621 1887 664 tract.
1908 612 1931 666 2
1953 627 1991 676 10

1116 706 1174 758 cap·
1193 689 1217 745 2.
1237 691 1382 760 apparebit,
1403 701 1427 744 et
1441 693 1482 762 jus
1495 692 1616 746 ditinum
1636 706 1714 763 atque
1731 694 1819 756 uirile,
1833 707 1858 746 ιι
1871 712 1933 746 con·

1116 789 1221 824 ιιιιιιιιι
1235 774 1354 826 cronium
1364 773 1591 844 physiognomirm
1604 778 1797 844 coscmeuslare,
1811 779 1849 832 sic
1860 783 1934 836 euim

1116 857 1217 912 dicitnr
1234 860 1309 916 Esol.
1324 862 1349 912 3.
1368 878 1390 916 o.
1410 861 1435 914 c.
1453 862 1555 931 agnitio
1573 865 1660 916 sttltos
1678 882 1769 919 eorum
1791 867 1936 935 respondet

1119 943 1163 1008 iis,
1175 942 1201 996 ir.
1214 945 1458 1016 e·jnxts1.5ranusn
1477 955 1505 997 et
1517 945 1695 1012 Osiandrom,
1715 950 1801 1002 stultns
1820 951 1936 1002 exterior

1118 1038 1216 1080 secreta
1242 1030 1329 1083 cordis
1350 1027 1494 1100 patefacite
1513 1030 1581 1101 apud
1602 1031 1707 1084 diocles.
1726 1049 1749 1084 c.
1770 1033 1813 1084 13.
1841 1051 1870 1085 ιι.
1890 1035 1937 1088 31.

1119 1107 1171 1162 Cor
1190 1111 1308 1168 bominis
1336 1125 1364 1166 ut
1388 1115 1531 1184 plurimum
1560 1116 1680 1169 immutat
1698 1112 1789 1168 tactem
1807 1119 1863 1183 eins
1881 1117 1935 1171 sire

1119 1193 1147 1245 in
1166 1193 1263 1248 bonnm
1283 1199 1337 1252 site
1356 1199 1383 1252 ic
1404 1199 1510 1250 maistans
1529 1207 1555 1252 el
1574 1200 1599 1250 2.
1618 1201 1739 1254 Maccui.
1759 1202 1783 1252 3.
1803 1219 1824 1252 ιι.
1841 1203 1882 1252 16.
1894 1200 1934 1254 Ex

1120 1278 1217 1348 pallore
1242 1279 1318 1332 iaciei
1336 1281 1473 1334 constabat
1498 1281 1531 1336 de
1555 1298 1652 1350 angore
1670 1283 1736 1350 ejas.
1764 1283 1870 1336 Euolet.
1892 1286 1933 1336 lil.

1120 1378 1142 1413 o.
1163 1362 1206 1414 27.
1226 1361 1270 1414 Ex·
1285 1365 1350 1427 risu,
1369 1363 1531 1432 cognoscitur
1549 1376 1677 1425 sensatus.
1695 1377 1721 1416 et
1742 1367 1851 1418 Dostiel.
1872 1369 1896 1418 3.
1910 1386 1934 1420 ν.

1123 1445 1165 1496 13.
1185 1457 1248 1498 tuuc
1267 1449 1382 1518 repletus
1399 1445 1639 1502 Nabuchodonosor
1657 1446 1754 1512 littore,
1769 1458 1794 1500 ιι
1812 1463 1934 1516 aspectus

1119 1525 1197 1581 faciei
1212 1529 1412 1584 illiusmutatos
1430 1543 1479 1584 ιιι.
1499 1531 1572 1583 inter
1593 1540 1680 1584 textos
1697 1532 1764 1599 juris
1782 1531 1871 1584 uirilis
1893 1534 1934 1584 in·

1120 1615 1220 1685 signior
1233 1629 1272 1672 est
1285 1615 1307 1670 l.
1316 1615 1515 1674 observandum
1536 1619 1579 1670 10.
1589 1614 1631 1685 ff.
1643 1619 1678 1672 te
1690 1616 1766 1687 offic.
1781 1635 1874 1688 praes.
1887 1621 1932 1673 ubi

1118 1699 1219 1766 judices
1238 1714 1393 1764 monentur,
1419 1721 1451 1754 ne
1468 1703 1550 1756 animi
1578 1713 1663 1755 motus
1688 1705 1761 1756 auito
1787 1701 1872 1772 detegi
1893 1707 1932 1758 ai·

1121 1793 1193 1848 nant,
1212 1796 1238 1838 et
1256 1786 1275 1837 l.
1296 1787 1321 1838 3.
1325 1783 1367 1854 ff
1384 1786 1423 1840 sle·
1434 1787 1517 1838 testib.
1538 1783 1671 1840 ibidseisi
1687 1797 1746 1839 ιιιιιι
1760 1785 1859 1842 dicere.

1955 1341 1987 1389 11

1157 1865 1180 1938 ξ
1200 1867 1225 1919 1.
1245 1867 1433 1924 Auctoritatem
1453 1873 1499 1925 dd.
1517 1872 1560 1942 qui
1581 1871 1721 1936 desiderat,
1739 1877 1931 1945 asuplisaimnm
1956 1869 1990 1919 ¹2

1122 1945 1175 2001 sibi
1195 1967 1320 2022 campum
1340 1955 1436 2025 aperiri
1461 1973 1536 2026 posse
1555 1956 1661 2019 sentiet,
1681 1975 1740 2010 narn
1758 1961 1831 2028 justa
1843 1960 1936 2018 Galen.

1119 2031 1137 2084 l.
1159 2034 1183 2086 1.
1203 2045 1227 2088 et
1246 2037 1270 2088 2.
1290 2037 1322 2090 tie
1341 2038 1522 2103 usupartiom
1542 2050 1568 2096 el
1593 2039 1611 2094 l.
1636 2041 1660 2092 2.
1681 2042 1713 2094 cla
1730 2053 1935 2110 temperameut.

1121 2133 1143 2167 o.
1161 2116 1187 2168 6.
1201 2129 1289 2173 natura
1308 2120 1424 2174 membra
1443 2123 1587 2190 componit,
1606 2133 1684 2194 prout
1703 2123 1936 2184 moribusauisnae

1120 2203 1261 2264 contenit.
1281 2203 1340 2256 add.
1361 2203 1436 2258 Caua.
1456 2208 1488 2260 de
1505 2205 1586 2260 indic.
1602 2227 1629 2278 p.
1650 2211 1672 2261 1.
1691 2226 1714 2261 o.
1733 2209 1776 2260 22
1801 2227 1829 2263 ιι.
1849 2215 1875 2264 1.
1894 2213 1932 2268 Es
1955 2221 1988 2272 13

1120 2295 1225 2354 aspectu
1245 2285 1321 2340 iseiei
1345 2289 1509 2356 cognoscitur
1532 2291 1657 2343 intimum
1676 2293 1782 2356 cordis,
1811 2311 1845 2348 an
1875 2303 1935 2366 quis

1121 2369 1154 2421 sit
1173 2380 1288 2424 moestos
1308 2373 1348 2424 sei
1366 2373 1460 2434 laetus.
1478 2373 1538 2442 quis
1558 2372 1636 2428 iacies
1658 2387 1679 2428 et
1700 2379 1785 2429 mltos
1802 2387 1843 2431 ast
1855 2384 1931 2450 quati

1124 2452 1217 2505 tacitus
1235 2469 1322 2507 aetrno
1339 2458 1434 2508 cordis.
1454 2456 1505 2510 aid.
1519 2459 1632 2526 Jusepb.
1643 2460 1771 2510 lilascartl.
1786 2459 1818 2512 de
1827 2463 1932 2530 probat.

1122 2535 1240 2590 conotus.
1259 2537 1321 2588 629.
1342 2539 1448 2592 Domin.
1470 2540 1605 2594 Cardinai.
1623 2542 1717 2596 Tusch.
1741 2555 1830 2613 praet.
1848 2549 1934 2600 costel.

1123 2618 1183 2672 379.
1201 2621 1264 2673 ιι.6
1298 2621 1433 2692 Frontone
1462 2623 1579 2677 bominis
1610 2625 1754 2691 tristitiae,
1780 2629 1937 2698 tsttsrttuts,
1958 2648 1991 2700 η

1121 2705 1287 2772 clementiae,
1308 2709 1457 2763 uastitatis
1480 2707 1566 2761 index·
1583 2719 1632 2774 est,
1660 2711 1729 2763 utto.
1748 2712 1766 2764 l.
1787 2716 1830 2768 11.
1848 2733 1871 2769 o.
1893 2720 1936 2773 37.

1124 2787 1202 2842 Lucas
1222 2789 1255 2843 de
1285 2791 1367 2844 Penu-
1386 2791 1414 2843 in
1433 2793 1452 2845 l.-
1481 2794 1504 2844 1.
1530 2791 1582 2845 col.
1601 2792 1627 2844 2.
1652 2807 1724 2845 uere.
1743 2799 1882 2865 proceritas
1898 2817 1937 2853 re·

1121 2874 1209 2929 cundo
1233 2893 1256 2926 o.
1279 2877 1311 2928 tle
1335 2887 1437 2944 erogat.
1458 2877 1576 2929 militar.
1600 2894 1701 2930 annon.
1726 2881 1856 2934 Mercari.
1874 2902 1936 2939 can·

1121 2955 1187 3008 olus.
1206 2957 1268 3008 636.
1286 2975 1313 3009 ιι.
1335 2959 1447 3027 impp.
1462 2959 1508 3014 sto
1528 2959 1685 3028 Pythagoras
1703 2975 1735 3010 ex
1755 2960 1831 3016 laciei
1852 2965 1939 3038 inspo·
1961 2967 1994 3017 16

1122 3039 1211 3095 ctione
1227 3040 1375 3110 discipulus
1392 3041 1503 3093 admisit
1526 3053 1572 3094 aut
1597 3041 1755 3112 reprobarit.
1786 3045 1841 3100 iul.
1868 3049 1937 3104 Geli.

1121 3127 1151 3178 in
1168 3125 1187 3178 l.
1210 3137 1233 3179 t.
1251 3137 1323 3179 noct.
1348 3125 1467 3180 Atticor-
1492 3143 1515 3179 e.
1534 3143 1560 3194 0.
1586 3126 1619 3178 tn
1641 3127 1717 3196 usgtot
1744 3131 1828 3198 ajoru,
1847 3151 1873 3186 sa
1894 3153 1942 3206 pes

1122 3213 1196 3282 signa
1214 3214 1332 3284 ccrpcris
1351 3226 1408 3266 nota
1432 3210 1584 3284 syllogizare
1613 3213 1802 3286 dispositiones
1837 3223 1941 3279 animae

1123 3296 1355 3364 igntstaslristot.
1379 3299 1405 3350 2.
1429 3299 1516 3368 prior.
1533 3296 1611 3368 logie.
1629 3303 1750 3371 apprime
1773 3305 1853 3359 etiam
1874 3308 1937 3362 Pro·

1122 3381 1232 3449 portius:

1188 3463 1237 3514 Eae
1254 3481 1368 3534 operum
1385 3465 1470 3533 specie
1480 3462 1639 3520 'clarescunt
1656 3465 1751 3520 intime
1771 3471 1872 3526 cordis.

1123 3547 1153 3598 ln
1174 3549 1309 3600 torminis·
1325 3549 1433 3618 insnpar
1457 3549 1680 3620 playsiognomisro
1698 3554 1844 3623 approbant
1862 3557 1936 3611 Cras.

226 3662 247 3714 ὅ
293 3627 317 3703 ξ.
337 3629 363 3682 2.
385 3631 426 3683 Da
443 3632 577 3701 legalitate
595 3633 810 3703 physiognomiae
833 3653 927 3706 operam
952 3633 1068 3706 pretinm
1119 3631 1152 3682 dc
1168 3630 1248 3684 indie·
1273 3651 1301 3700 p.
1328 3635 1354 3686 1.
1373 3649 1397 3685 c·
1416 3631 1460 3684 22.
1479 3650 1507 3685 ιι.
1527 3634 1570 3688 21.
1596 3635 1759 3703 sonillier.
1785 3637 1889 3693 6ιιιι11.
1908 3644 1937 3696 iu

261 3713 325 3766 iuret
344 3715 421 3768 aerbo
442 3715 534 3769 iacere.
554 3713 661 3770 Certum
679 3718 751 3769 enim
771 3729 830 3784 est,
856 3720 889 3773 de
907 3737 935 3771 ιι
954 3719 1069 3772 dubitari

258 3817 334 3866 quaro
355 3799 479 3862 maxime,
495 3801 557 3870 quia
576 3818 627 3852 non
646 3801 728 3853 solum
749 3801 776 3852 in
796 3804 875 3854 sacris
895 3803 998 3870 litoris,
1024 3805 1071 3857 sed

1121 3715 1249 3788 eaplicot.
1268 3715 1286 3768 l.
1305 3718 1331 3769 2.
1350 3733 1374 3769 c.
1393 3717 1425 3770 tie
1444 3717 1559 3786 malefic.
1577 3729 1605 3770 et
1621 3719 1776 3776 matiemot.

1156 3801 1179 3872 ξ.
1199 3801 1224 3853 6.
1244 3801 1273 3855 Si
1293 3803 1471 3857 necessitatem
1489 3813 1515 3856 et
1538 3797 1809 3873 maetarespicimus,
1831 3818 1934 3861 certum
1960 3820 1991 3870 16

259 3884 337 3934 etiam
357 3885 385 3936 in
403 3887 460 3953 jure
477 3883 561 3948 cirili,
576 3883 631 3937 imo
643 3885 777 3937 commoni
796 3885 994 3954 approbatorum
1007 3889 1070 3940 aori-
1120 3897 1160 3936 est
1180 3884 1260 3936 muita
1277 3884 1358 3953 jodici
1379 3884 1540 3950 incumbere,
1560 3902 1628 3955 quaa
1645 3885 1703 3937 aloe
1716 3885 1761 3938 iila
1781 3887 1938 3958 physiogno-

240 3979 363 4051 ,3ptorum
384 3985 511 4022 consensu
528 3969 618 4022 omnis
630 3967 802 4022 divinationis
819 3969 921 4038 species
939 3971 1031 4024 vitiosa
1045 3983 1072 4026 et

1122 3967 1175 4021 mie
1200 3968 1400 4037 conjecturandi
1427 3970 1524 4038 peritia
1553 3969 1689 4022 commode
1715 3973 1811 4040 exequi
1837 3976 1936 4042 nequit.

260 4052 382 4116 molesto,
407 4051 460 4104 imo
479 4069 560 4123 poena
586 4051 680 4106 mortis
698 4053 775 4122 digna
803 4053 926 4121 babetur,
945 4055 987 4109 aio
1003 4068 1072 4110 aaut
1120 4052 1235 4104 Multum
1253 4051 1325 4106 enirn
1345 4054 1475 4106 momenti
1501 4052 1580 4104 babet
1598 4054 1729 4122 inspectio
1755 4057 1842 4108 vultos
1861 4061 1937 4127 ejus,

225 4151 243 4200 p
263 4147 326 4187 teat.
350 4136 433 4190 levit.
450 4137 494 4188 26.
519 4153 590 4191 ιιιιι.
610 4139 654 4190 27.
679 4137 721 4190 air
740 4147 784 4190 ιιι
810 4139 906 4192 mulier
931 4140 959 4192 in
978 4141 1073 4209 quibus
1121 4138 1166 4207 qui
1185 4137 1367 4208 interrogator,
1386 4149 1410 4191 ιι
1429 4133 1522 4192 ι16ιιι
1537 4141 1652 4194 causito
1664 4149 1690 4192 et
1703 4142 1788 4194 colore
1807 4149 1937 4212 conjectu-

264 4219 444 4289 l'ytlmiuerit
460 4232 505 4274 aut
522 4211 789 4292 a'piritusrdirinaodi
800 4257 822 4286 ,-
833 4234 919 4278 morte
937 4225 1072 4279 morietur.

225 4369 368 4457 ⁷piicinm
396 4387 510 4442 dictatur
534 4390 605 4454 tttis,
630 4391 675 4460 qni
702 4387 895 4445 divinationum
921 4395 1071 4449 curiositate

262 4481 410 4540 tanguntur.
430 4471 463 4526 Et
475 4473 596 4528 haeresin
608 4490 708 4542 sapere,
725 4491 755 4528 ac
772 4476 882 4530 omasino
892 4495 977 4545 poena
991 4481 1069 4550 digna

1122 4223 1267 4274 ramentis
1296 4223 1366 4274 sumi
1395 4231 1498 4294 potest,
1529 4223 1596 4276 adeo
1621 4235 1649 4276 nt
1673 4225 1748 4277 lctus
1774 4226 1889 4293 dixerit,
1909 4233 1938 4286 in

260 4303 290 4354 io
308 4304 326 4354 l.
345 4321 424 4358 nemo
435 4304 467 4358 ·6.
485 4323 509 4358 ι.
525 4304 557 4358 de
572 4305 687 4376 malefic.
699 4316 725 4360 et
736 4308 864 4360 motlsem.
882 4307 1068 4382 Capitaleeup·
1119 4305 1275 4358 excutienda
1295 4305 1402 4359 acritate
1414 4321 1500 4360 rocem
1513 4306 1596 4376 ipsam
1607 4317 1634 4360 et
1649 4298 1794 4377 cognitoris
1814 4312 1933 4367 subtilem

1121 4387 1287 4458 diligentiam
1307 4389 1450 4459 pincianum
1468 4388 1581 4452 atiicrre,¹
1600 4392 1629 4443 in
1648 4391 1665 4441 l.
1686 4390 1718 4444 de
1737 4393 1934 4460 intueretur.

1122 4475 1146 4526 6.
1156 4471 1197 4542 ff
1218 4471 1251 4526 de
1274 4475 1426 4542 quaestion.
1445 4475 1463 4525 l.
1490 4475 1513 4525 3.
1535 4481 1556 4535 §-
1578 4476 1604 4526 3.
1618 4470 1659 4541 ff.
1682 4475 1716 4530 de
1740 4478 1862 4532 testibus.
1883 4483 1935 4533 rid.

261 4573 316 4610 esse
334 4555 434 4611 dicitur
451 4558 607 4627 aProsper.
626 4558 744 4612 Furinae·
759 4561 790 4614 tle
810 4559 897 4613 delict.
915 4571 943 4614 et
960 4581 1041 4627 poen.
1053 4566 1071 4615 l.
1122 4555 1211 4609 liano.
1229 4553 1382 4608 ad·Treutl.
1407 4556 1462 4610 stol·
1483 4558 1505 4607 1.
1529 4554 1623 4624 disput.
1642 4558 1668 4610 8.
1680 4559 1723 4612 tlt.
1743 4559 1768 4610 2.
1787 4571 1890 4632 quaest.
1908 4565 1934 4615 ’1.

264 4643 287 4694 1.
307 4640 348 4694 tis.
367 4643 391 4694 3.
416 4652 518 4709 quaeest.
536 4642 579 4695 26,
606 4660 633 4696 a.
655 4645 715 4694 111.
736 4642 859 4698 arPtut.
881 4643 1016 4698 Grilleutl.
1040 4648 1073 4701 a,
1122 4655 1186 4690 cers.
1211 4655 1268 4690 non
1292 4637 1513 4693 ciscestrensis.
1540 4641 1606 4692 tate
1624 4643 1846 4697 con-admittitur
1870 4663 1929 4715 pro-
1956 4669 1989 4719 Π

256 4742 339 4796 poen.
358 4722 490 4793 omnffar.
507 4726 569 4778 coit.
589 4725 677 4780 illicit.
693 4745 737 4792 aa·
759 4727 783 4778 3.
803 4743 830 4778 ιι.
849 4726 890 4782 13.
910 4743 967 4797 seq.
984 4739 1010 4780 et
1027 4747 1076 4798 qn,
1119 4731 1223 4774 citratos
1239 4739 1287 4792 pro
1305 4723 1458 4775 absentibus
1477 4723 1505 4777 in
1523 4723 1726 4789 criminalibus,
1744 4728 1805 4794 queis
1824 4744 1856 4780 ex
1876 4747 1936 4784 soce

264 4815 305 4862 ii.
324 4809 415 4862 ιι..16.
434 4819 459 4861 ιι
478 4808 521 4860 22.

225 4933 244 4980 „
295 4890 319 4966 §a
339 4893 362 4946 3.
383 4893 482 4946 Verum
501 4907 559 4956 res,
584 4892 607 4946 ai
626 4910 683 4946 ean
703 4891 820 4962 penitius
838 4891 987 4960 intuemur,
1004 4897 1072 4950 salsa

259 4991 317 5034 est:
345 4977 405 5032 dicti
432 4978 505 5032 enim
526 4986 611 5032 textus
634 4979 777 5048 loquuntur
802 4977 835 5033 te
861 4977 1025 5034 divinatione
1044 4985 1071 5036 in

1121 4807 1318 4872 cicestrum,
1338 4805 1498 4871 habitudine,
1525 4809 1668 4862 constantia
1690 4811 1729 4862 acl
1758 4811 1931 4867 inconstantia

1121 4889 1216 4941 ueritas
1233 4891 1289 4942 erni
1311 4899 1403 4958 potest.
1421 4905 1475 4957 arg.
1487 4890 1511 4941 ·l.
1531 4892 1613 4958 tat.
1629 4893 1652 4942 1.
1662 4890 1704 4961 ff.
1724 4892 1870 4964 depuillc.
1885 4895 1931 4966 p'et·

1123 4973 1172 5025 dab.
1193 4973 1266 5026 zoes.
1287 4970 1376 5039 otlffi·
1392 4971 1431 5025 tit.
1457 4971 1492 5025 de
1505 4986 1676 5042 procurator.
1704 4991 1730 5028 ιι.
1751 4978 1776 5028 3.
1803 4994 1850 5030 uec
1874 4997 1934 5047 per-
1956 4987 1989 5036 18

259 5065 347 5134 specie
365 5066 421 5126 tali,
441 5063 467 5116 b.
492 5081 514 5116 e·
533 5061 711 5133 praedictione
736 5059 900 5128 futurorum,
917 5071 944 5116 et
961 5064 1067 5132 quidem
1123 5057 1240 5110 mittitur
1266 5056 1323 5108 testi
1342 5073 1390 5125 per
1411 5058 1491 5110 albam
1516 5059 1618 5125 jurare,
1642 5059 1703 5128 quia
1729 5075 1761 5110 ex
1780 5062 1838 5126 ejus
1862 5063 1933 5114 snitu

260 5148 311 5200 isto
330 5145 406 5201 modo
425 5144 500 5210 iacta,
512 5163 549 5197 -ae
567 5145 589 5199 si
608 5145 753 5198 ιιιιιιιιιὶο
771 5155 891 5198 secutura
911 5155 1012 5208 esseut,-
1023 5147 1069 5198 sed
1122 5139 1265 5211 perjurium
1278 5147 1320 5189 tul
1337 5136 1469 5206 pejerandi
1485 5141 1625 5210 proclirans
1639 5142 1798 5197 calcantem
1812 5141 1928 5196 assimul-

260 5234 327 5284 bunc
344 5247 396 5286 non
415 5231 492 5284 tundo
510 5229 646 5293 absonam,
662 5239 689 5282 et
707 5229 857 5282 bominibus
876 5229 1069 5298 impossibilem
1123 5235 1229 5286 venete.
1246 5238 1277 5274 ιι
1293 5223 1420 5289 jurantem
1440 5221 1572 5275 dehortati
1592 5233 1676 5292 poletl
1698 5224 1776 5290 iudet
1797 5225 1849 5278 tid.
1867 5224 1885 5275 i·
1906 5229 1931 5280 3.

261 5335 331 5382 csse,
349 5316 395 5370 sed
419 5315 499 5369 eliam
523 5327 614 5368 contra
639 5312 744 5366 divinae
774 5312 918 5382 majestatis
943 5325 1071 5369 reservata
1121 5315 1143 5369 i·
1158 5307 1184 5360 ³·
1202 5305 1275 5357 Mi·
1289 5310 1311 5366 1·
1323 5303 1415 5374 stilff
1429 5305 1460 5358 tle
1471 5307 1557 5359 testib.
1574 5308 1664 5360 inmo.
1675 5307 1766 5360 Faber.
1784 5308 1814 5360 in
1832 5309 1890 5363 md.
1910 5311 1928 5362 l.

261 5405 380 5470 tendere,
399 5421 477 5458 neruo
496 5413 538 5456 est
553 5405 600 5474 qni
613 5397 777 5462 inficiaseal,
796 5415 856 5452 cnm
869 5398 950 5454 sollu·
963 5399 1013 5452 nn
1026 5399 1073 5461 tiis
1123 5391 1147 5443 1·
1164 5390 1219 5462 ‘i‘f
1238 5389 1281 5441 ³¹·
1300 5407 1328 5444 '⁸⁰
1345 5388 1371 5442 ⁵·
1393 5391 1518 5462 Apprime
1542 5391 1613 5443 ‘⁰5⁰¹
1632 5391 1708 5444 ‘liiii’
1724 5403 1765 5445 θ’*
1781 5393 1930 5469 3111101120·
1955 5417 1988 5466 to

224 5489 346 5563 πῃπῇ
372 5500 440 5544 ωηο
465 5490 624 5560 ,mitem
649 5487 701 5540 ,ip
729 5485 807 5542 Μ,
833 5484 876 5537 ιι,
894 5499 959 5538 m,
978 5485 1023 5537 23,
1043 5485 1088 5540 st.
1124 5473 1176 5526 mia
1198 5471 1233 5525 ad
1258 5475 1495 5542 praesumptionem
1517 5471 1550 5526 de
1566 5471 1655 5543 aliquo
1670 5474 1837 5544 capiendam,
1859 5477 1930 5528 bald.

262 5591 321 5628 ,m
343 5574 568 5648 „hvpommpm
594 5573 630 5626 ῃ,
649 5573 792 5642 ,oetptmm
818 5582 892 5640 pm„
909 5585 970 5622 we
987 5569 1073 5638 ...ιρι
1123 5557 1151 5610 in
1170 5557 1188 5608 l.
1208 5556 1300 5609 loci.
1319 5556 1343 5607 2.
1361 5573 1384 5607 ι.
1403 5573 1517 5626 quorum
1542 5557 1623 5623 apell.
1642 5575 1698 5610 non
1716 5559 1816 5628 recipit.
1835 5559 1937 5612 ‘i'bcmae

254 5665 344 5734 ‚debeb
364 5667 428 5720 soil.-
445 5679 491 5737 pm
511 5661 658 5732 coniectura
689 5658 872 5712 tantun-tous
899 5656 1015 5708 botuinis
1034 5657 1089 5706 rol-

1117 5647 1182 5722 Δ111.
1200 5639 1313 5696 deludo
1332 5639 1520 5694 scitucsltorum
1540 5653 1647 5712 postest:
1667 5643 1692 5694 6.
1713 5661 1755 5714 pr.
1774 5663 1799 5697 ιι.
1821 5647 1864 5698 67.
1883 5645 1929 5698 Ca·
