4414 6220
337 269 390 326 stt
893 261 1082 322 Distulit.
1098 263 1147 338 yl.
1166 263 1282 320 CAPUT
1300 265 1349 321 ili.
1864 265 1920 321 titt

287 366 378 433 tor,ai
397 361 444 418 hic
461 359 495 416 ad
512 357 678 434 priuilegium
696 357 911 414 minorennitrtis
938 368 1107 432 prorocet,et
1189 360 1337 420 Escnsatet
1357 363 1461 419 taudem
1480 385 1496 420 a
1513 363 1683 437 suscipienda
1699 363 1778 419 tutela
1796 362 1912 420 absentia
1925 381 1969 418 ue·
1990 361 2043 414 108

289 449 330 504 sio
350 447 543 506 immunitatem
562 462 634 499 susm
652 444 759 513 alleget,
777 442 810 496 de
828 446 886 514 pari
905 445 1043 516 privilegio
1060 461 1106 500 ex·
1155 445 1282 513 cessaria,
1300 463 1367 516 qaae
1384 458 1424 502 est
1440 446 1520 518 lieip.
1533 465 1608 503 causa
1625 456 1651 511 ς.
1667 449 1692 502 2.
1703 448 1729 522 j.
1742 449 1903 502 desecaret.
1916 449 1968 500 liu.

290 531 396 604 tripete,
416 531 498 586 etsie
515 530 602 600 ipsum
621 528 694 582 nulla
712 528 763 580 alia
782 529 961 584 excusationis
974 546 1050 584 eausa
1062 530 1107 582 ob·
1157 525 1301 582 Brunuem.
1316 529 1342 582 Ιι.
1361 539 1380 580 ι.
1398 549 1443 601 qu.
1461 533 1485 584 8.
1506 530 1617 585 Barbos-
1634 530 1665 585 in
1684 527 1745 584 cod.
1762 529 1807 582 tit.
1826 530 1853 581 ii.
1870 527 1912 582 tit·
1923 526 1969 582 01.

290 624 376 670 naute
387 613 421 666 ad
439 629 534 668 munus
554 612 649 666 tutelae
667 609 829 667 snlreunsium
840 612 1109 684 compellereii’rae·
1155 611 1174 663 1.
1194 613 1219 661 1.
1236 613 1274 665 ita
1292 621 1322 668 ut
1340 614 1363 666 si
1382 615 1443 680 ilie,
1468 613 1516 684 qui
1546 613 1675 686 quaedam
1705 613 1806 684 gessit,
1830 623 1863 672 et
1884 621 1971 682 postea

290 699 464 772 supponimus
481 697 554 751 euim
573 696 617 748 hic
633 697 757 752 vocabulo
776 697 1106 752 minorisreuirsomueru
1158 705 1291 766 tamqnam
1315 700 1382 771 reip.
1405 718 1481 754 causa
1505 698 1643 754 abl'uturus
1667 717 1697 754 se
1720 697 1867 764 excusarit,
1887 695 1973 750 medii

289 781 444 851 illum,qui
458 779 614 848 vigesimum
624 779 748 848 quintum
766 797 866 834 nuum
879 780 997 834 noudum
1011 784 1107 853 imple·
1156 783 1281 850 temporis
1297 785 1415 854 periculo
1433 801 1486 836 uon
1503 783 1693 851 obstringetur.
1711 785 1831 836 Μοιιιιι.
1849 779 1883 834 de
1898 781 1972 834 lutei

290 869 344 936 rit,
356 865 442 920 ettae
460 859 611 933 significatu
628 879 733 916 annuens
752 863 884 935 pupillum
897 863 1107 928 minorem,nou
1157 882 1179 916 c.
1195 867 1238 917 et.
1256 883 1283 920 ιι.
1301 869 1346 920 88.
1364 869 1467 921 Gutier.
1486 871 1517 920 in
1533 867 1618 920 simili
1634 877 1713 922 tract.
1727 886 1754 938 p.
1774 867 1798 918 1.
1812 881 1837 918 e.
1850 863 1895 916 21.
1908 881 1934 916 ιι.
1946 863 1973 915 d.

292 970 353 1010 sero
371 953 501 1006 ricerersa
528 949 660 1020 appellare
683 947 787 1002 licebit.
811 949 847 1001 Et
874 949 978 1003 ridetur
1001 951 1107 1020 quidem
1159 952 1262 1004 ttotina
1280 952 1313 1005 de
1323 953 1349 1026 j.
1366 963 1394 1005 et
1406 951 1428 1020 J'.
1447 961 1481 1004 tr.
1499 953 1544 1004 22.
1564 951 1628 1019 disp.
1654 951 1716 1002 222.
1734 968 1761 1000 ιι
1788 949 1813 1000 0.
1833 945 1972 1000 Poteritue

291 1041 381 1111 primo
399 1036 516 1102 iutuitu,
535 1034 607 1104 quod
627 1035 681 1098 sic,
699 1033 762 1104 quia
780 1044 889 1105 uterque
906 1046 947 1089 est
959 1037 1108 1108 privilegia·
1157 1035 1240 1106 igitur
1249 1035 1379 1106 ejusmodi
1391 1036 1486 1090 absens
1502 1053 1530 1089 ae
1549 1051 1687 1099 excusare,
1706 1033 1731 1087 si
1742 1031 1850 1086 alterius
1862 1045 1897 1082 ex
1910 1027 1967 1099 pari

293 1133 356 1186 tus,
375 1129 403 1174 et
419 1119 459 1171 aio
475 1117 620 1171 secuudum
643 1120 686 1187 jus
710 1135 850 1172 commune
866 1123 1107 1191 pronunciandum

295 1203 421 1276 quoniam
440 1212 529 1256 tamen
546 1203 590 1254 lex
607 1201 706 1257 diserte
724 1205 887 1256 contrarium
905 1207 1008 1273 statuit,
1020 1218 1048 1260 et
1060 1210 1109 1263 mi·

294 1306 373 1346 nores
386 1302 493 1359 prorsus
510 1285 544 1338 ad
562 1287 671 1339 tutelam
686 1286 819 1358 adspirare
831 1288 955 1359 probibet
965 1291 1010 1342 dn.
1023 1290 1106 1346 Brua-

292 1389 363 1427 uem.
383 1371 421 1426 od
437 1371 455 1423 l.
463 1367 524 1442 fin.
542 1387 565 1424 e.
584 1371 616 1423 de
632 1371 681 1439 leg.
706 1380 754 1424 sut.
780 1387 830 1426 uec
855 1373 905 1426 boc
921 1389 983 1426 casu
1001 1377 1109 1446 priuile-

304 1459 376 1528 glum
393 1457 532 1527 quicquam
552 1455 657 1508 valebit.
673 1454 736 1508 Nou
755 1457 827 1510 euim
845 1455 878 1510 ad
898 1460 1003 1512 modurn
1023 1463 1107 1532 priri-

1158 1137 1259 1190 quoque
1275 1133 1352 1172 eausa
1367 1118 1486 1172 absentis
1505 1119 1600 1189 pupilli
1619 1115 1814 1173 corretitueodus
1830 1117 1866 1169 sit
1882 1123 1971 1174 tutor,

1158 1223 1192 1258 au
1210 1223 1272 1259 rero
1290 1215 1393 1258 tenetur
1410 1205 1444 1260 ob
1462 1205 1626 1274 aequivalens
1649 1203 1819 1275 priuilegium
1838 1196 1971 1268 eiusmodi

1161 1293 1268 1343 tutelam
1287 1291 1315 1342 in
1335 1307 1363 1344 ee
1381 1290 1528 1360 suscipere;
1546 1299 1574 1342 et
1590 1297 1683 1358 negato
1701 1285 1787 1357 priori
1804 1282 1914 1338 omniuo
1925 1299 1973 1352 po·

1158 1376 1255 1429 sterius
1269 1373 1459 1428 affirmandum
1478 1384 1611 1446 putarem,
1630 1374 1744 1425 sienim
1763 1369 1839 1423 miles
1858 1365 1975 1432 militis,

1158 1461 1270 1515 clericus
1286 1459 1377 1514 clerici
1396 1459 1493 1531 pupilli
1512 1468 1615 1512 tenetur
1633 1473 1690 1510 esse
1708 1465 1790 1517 tutor,
1805 1449 1869 1523 qnid
1883 1452 1974 1503 obsta·

299 1543 363 1610 legii
383 1542 450 1612 ipsis
466 1555 636 1606 coricessuru,
653 1539 723 1608 quod
742 1557 794 1592 nou
822 1550 961 1596 tenuntur
978 1545 1110 1616 suscipere
1160 1557 1216 1612 ret,
1233 1563 1286 1617 quo
1304 1547 1393 1598 miuus
1410 1556 1436 1598 et
1452 1543 1547 1598 abseua
1567 1543 1633 1611 reip.
1651 1557 1728 1592 causa
1749 1535 1852 1608 puriter
1868 1531 1976 1604 privile·

298 1626 413 1679 delatam
435 1625 541 1676 tutelam
551 1660 559 1689 ,
577 1624 622 1676 sed
641 1640 764 1694 expresse
782 1625 961 1695 prohibitum,
974 1629 1043 1698 quod
1054 1643 1110 1688 utut
1161 1631 1228 1700 giato
1239 1630 1324 1702 possit
1341 1639 1411 1684 tutor
1427 1625 1568 1689 constitui,
1586 1639 1652 1676 cum
1670 1625 1710 1676 sic
1730 1620 1790 1675 dato
1802 1618 1913 1672 interim
1927 1633 1976 1688 pu·

306 1709 469 1775 teliut,uou
489 1720 573 1763 tannen
593 1709 696 1779 possint
712 1727 769 1763 esse
790 1721 902 1777 tutores,
919 1730 980 1766 eum
993 1717 1053 1768 aliis
1065 1720 1110 1772 rix
1163 1716 1230 1786 pitto
1262 1727 1380 1768 curatore
1399 1727 1518 1766 resersus
1535 1709 1583 1762 itte
1606 1709 1702 1763 tutelae
1723 1705 1978 1760 administrationum

305 1795 372 1850 satis
391 1796 458 1848 bene
476 1794 566 1864 prospi
585 1811 628 1846 ere
645 1793 798 1860 rideantur,
815 1797 861 1867 qni
872 1797 980 1866 ipsimet
992 1801 1108 1853 noudum
1163 1800 1192 1850 iu
1210 1815 1238 1852 se
1258 1795 1390 1868 suscipere
1407 1805 1544 1852 teneretur.

271 1922 274 1926 .
303 1881 407 1952 pienum
425 1896 512 1934 rerum
532 1893 637 1932 suarum
661 1877 920 1936 administrationem
943 1879 1057 1950 babent,
1081 1895 1110 1938 et
1162 1921 1164 1926 -

300 1963 385 2022 adbuc
403 1961 575 2018 subalterius
593 1963 707 2014 curatela
724 1972 794 2018 ιιιιιι.

965 2141 1211 2212 CAPUT
1255 2143 1321 2213 111.

432 2340 485 2407 Dc
501 2339 581 2430 jure
601 2337 814 2432 privilegiati
834 2353 954 2406 eontra
973 2339 1226 2432 privilegiatum
1250 2343 1343 2408 circa
1364 2351 1461 2406 octus
1484 2337 1625 2405 ultimae
1646 2333 1846 2403 uoluntatis.

1172 2536 1222 2589 An
1240 2537 1333 2590 baeres
1348 2533 1535 2606 privilegiatus
1550 2543 1648 2590 contra
1666 2530 1828 2604 legatarium
1847 2523 1983 2599 privilegi·

1209 2631 1283 2674 atum
1298 2619 1442 2674 detrahere
1451 2619 1537 2691 possit
1545 2615 1708 2682 falcidiam?
1720 2634 1746 2670 rr.
1760 2616 1803 2668 38.

1170 2704 1302 2776 Negotur.
1315 2723 1342 2757 ιι.
1353 2704 1408 2758 10..

1171 2789 1329 2844 limitatur.
1338 2809 1367 2844 ιι.
1380 2790 1424 2842 11.

541 2533 876 2594 suttuAlsM

306 2702 404 2757 litera
417 2696 499 2754 cuiuis
511 2695 544 2751 de
557 2695 634 2750 bonis
647 2697 702 2750 suis
713 2695 875 2768 disponendi
874 2703 1007 2772 fortuitus.
1019 2723 1047 2757 ιι.
1061 2707 1086 2759 1.

307 2783 474 2853 Quibusdam
484 2781 609 2852 personis
620 2781 748 2835 remissae
757 2795 823 2838 sunt
839 2787 1026 2844 solemnitates
1038 2800 1119 2847 testa·

340 2876 505 2920 mentorum·
523 2882 549 2916 rs.
568 2866 595 2918 8.

303 2949 399 3003 Militis
412 2957 605 3002 testamentum
618 2947 827 3020 privilegiatum
840 2961 887 3007 est.
899 2972 927 3008 ιι.
938 2954 965 3007 1.

309 3034 429 3100 Quirtam
443 3031 545 3090 milites
559 3031 845 3102 intelligentissimi.

1171 2873 1247 2926 Idem
1260 2873 1365 2927 obtinet
1374 2875 1402 2929 in
1413 2877 1500 2948 tegata
1514 2872 1717 2930 alimentorum.
1732 2889 1760 2924 ιι.
1773 2868 1817 2922 12.

1170 2956 1263 3010 11αιίο.
1276 2976 1304 3010 ιι.
1319 2957 1365 3010 18.
1433 2949 1449 2977 ”

1172 3040 1301 3094 Persona
1320 3041 1404 3111 tarpr'e
1420 3052 1518 3096 eontra
1534 3052 1637 3112 trupem
1655 3057 1691 3094 ors
1711 3047 1807 3094 utatur
1826 3033 1985 3106 eoeoeptioae

1207 3122 1400 3191 turpitudinis?
1411 3143 1441 3178 ιι.
1454 3123 1502 3176 11.

1172 3205 1317 3276 Exempla·
1331 3226 1359 3260 ιι.
1372 3207 1414 3265 ld.
1429 3207 1473 3264 10.

307 3116 453 3170 Receditnr
464 3135 481 3168 a
496 3118 634 3169 sententio
647 3115 751 3170 Boron.
762 3115 899 3176 Enenkei.
911 3120 978 3182 ιι.οι

306 3201 395 3256 Ratio.
414 3221 441 3252 ιι.
459 3203 485 3253 ’1.

312 3285 384 3352 Quot
395 3293 473 3337 testes
484 3283 513 3336 in
527 3285 624 3337 eastris
637 3283 763 3356 degentes
777 3283 1062 3349 adulteriumne
1077 3287 1121 3346 12.

310 3369 448 3434 Quotnarn
462 3367 492 3420 in
505 3367 629 3438 hybernia
641 3379 668 3422 et
677 3368 822 3442 praesidiis
831 3369 935 3443 positi?
952 3389 981 3425 ιι.
992 3373 1019 3424 t.

307 3451 447 3506 Aulestes
457 3455 496 3506 od
505 3460 695 3508 testamentum
708 3452 800 3508 militis
812 3453 950 3526 rogandi?
968 3475 997 3511 ιι.
1010 3455 1054 3510 10.

308 3537 476 3606 Explicatur·
488 3538 507 3588 1.
518 3536 561 3589 21.
564 3535 606 3607 ff
615 3539 649 3592 de
661 3548 717 3592 test.
730 3539 806 3592 milit.
825 3559 852 3592 ιι.
866 3544 908 3592 11.

310 3625 392 3677 tuba
404 3623 615 3679 commilitonem
633 3625 777 3684 haeredem
796 3625 938 3684 instituens
958 3639 1123 3684 antestatus

315 3701 316 3706 ¹
341 3707 409 3779 jure
428 3706 559 3763 militari?
573 3727 599 3760 ιι.
614 3709 716 3762 1213.

315 3791 398 3844 ttarto
414 3788 563 3844 dubitandi.
580 3809 607 3844 ιι.
627 3790 669 3847 11.

312 3873 461 3930 Deciditar.
479 3892 509 3926 ιι.
527 3873 569 3925 tt.

310 3955 453 4011 limitatio
466 3957 583 4032 regulas¹
592 3969 710 4014 nostrae.
723 3978 752 4014 rr.
766 3963 809 4015 10.

315 4041 396 4095 Miles
407 4043 486 4110 pluro
499 4052 661 4096 testamenta
671 4045 786 4098 condere
794 4031 901 4117 poten‘t.
914 4063 940 4098 ιι.
958 4047 999 4100 17.

315 4130 362 4181 Art
374 4127 450 4197 prius
459 4125 575 4180 tollatur
581 4143 632 4196 per
639 4129 772 4196 posterius
782 4131 798 4182 i
808 4147 835 4180 ιι.
850 4131 894 4180 18.

313 4213 443 4282 Nugatur.
462 4229 488 4260 ιι.
503 4209 547 4261 10.

314 4295 528 4365 Privilegiatarrr
546 4301 790 4348 sustenementum
814 4293 906 4362 patris
930 4293 1000 4348 inter
1015 4291 1124 4346 liberos.

350 4395 422 4433 num.
441 4379 485 4432 20.

314 4465 363 4517 An
374 4463 454 4516 tiberi
460 4453 756 4534 posst'rtl'irroequaiiter
766 4463 892 4517 r'rrstitui?
904 4481 932 4514 ιι.
944 4463 988 4516 21.

315 4544 492 4618 Affirmatur·
507 4564 533 4598 rr.
546 4545 588 4596 22.

319 4630 524 4699 Quadamtenus
550 4631 633 4683 etrom
657 4626 853 4699 privilegiatum
870 4627 1021 4682 testamenti
1042 4629 1124 4683 soeei.

350 4733 425 4770 num.
445 4716 489 4767 23.

319 4799 461 4870 Quomodo
473 4797 567 4853 tutori
576 4797 673 4853 debeat
689 4811 780 4850 oueous
789 4793 816 4848 ei
826 4795 968 4850 turmam
977 4793 1126 4870 priuilegio·

353 4895 409 4940 tram
428 4881 569 4938 instituat?
587 4900 614 4935 ιι.
633 4879 677 4933 ut.

1171 3311 1263 3424 Com
1281 3389 1334 3425 non
1352 3375 1435 3428 solum
1454 3371 1484 3426 ia
1502 3372 1602 3426 actibus
1626 3371 1697 3426 iuter
1713 3369 1786 3425 risos
1811 3383 1857 3420 seu
1875 3377 1980 3422 eontra·
2001 3361 2015 3409 ¹

1172 3452 1274 3519 atibus,
1294 3453 1338 3508 sed
1358 3455 1460 3508 ultimis
1478 3472 1581 3526 quoque
1600 3453 1779 3510 soluntstibus
1796 3453 1880 3505 libera
1899 3452 1982 3504 cuivis

1172 3536 1300 3589 bonrum
1313 3556 1418 3593 suorum
1432 3557 1551 3594 oouoessn
1565 3541 1598 3594 sit
1610 3539 1763 3610 dispositio,
1774 3527 1890 3591 similem
1904 3537 1984 3590 etiam

1173 3621 1280 3672 modum
1300 3633 1329 3675 ut
1347 3625 1376 3676 iu
1394 3624 1466 3692 illis,
1480 3626 1516 3677 ita
1534 3625 1563 3677 iu
1582 3624 1624 3677 bis
1642 3641 1742 3694 quoque
1763 3641 1821 3686 uon,
1833 3623 1933 3677 habiles
1944 3640 1985 3676 so·

1174 3707 1246 3771 iuru,
1264 3708 1310 3777 qui
1330 3716 1484 3762 testamenta
1505 3710 1562 3761 soil.
1579 3706 1692 3762 condere
1708 3707 1825 3779 possint,
1845 3707 1983 3776 requirun-

1174 3802 1216 3848 tur
1233 3791 1285 3845 Du.
1304 3790 1453 3844 Brunuern.
1469 3792 1542 3848 adt
1563 3794 1589 3844 1.
1610 3809 1633 3846 c.
1654 3794 1688 3847 de
1711 3807 1745 3844 ιι.
1770 3790 1832 3844 eccl.
1854 3790 1984 3843 iubabilia
2003 3786 2020 3837 2

1173 3875 1249 3929 euim
1267 3893 1298 3930 eo
1308 3877 1380 3946 ipso,
1393 3877 1465 3946 quod
1484 3879 1588 3932 ultimae
1604 3876 1744 3932 uoluntatis
1755 3875 1823 3928 liber
1834 3875 1869 3928 sit
1886 3875 1982 3942 stylus,

1175 3977 1228 4012 non
1248 3961 1410 4013 habilitates.
1429 3960 1529 4014 Cieros.
1549 3974 1568 4027 ς.
1592 3969 1743 4014 testameat.
1762 3979 1804 4029 qa.
1825 3960 1852 4010 li.
1869 3976 1896 4010 rr.
1915 3958 1941 4010 2.
1959 3967 1986 4010 et

1174 4062 1220 4112 qu.
1232 4041 1258 4095 0.
1275 4061 1302 4095 ιι.
1315 4045 1339 4096 2
1360 4044 1503 4114 Tiraquell.
1522 4046 1556 4098 de
1576 4055 1640 4098 retr.
1661 4061 1789 4112 oonmng.
1799 4040 1821 4113 5.
1836 4047 1859 4096 t.
1867 4045 1906 4112 gt.
1919 4045 1946 4095 ’1.
1957 4063 1984 4096 ιι.

1177 4127 1219 4178 20.
1234 4124 1344 4176 barinos.
1361 4125 1424 4178 adt.
1439 4129 1465 4178 1.
1476 4144 1500 4180 e.
1511 4128 1545 4180 de
1555 4141 1593 4178 ss.
1607 4127 1669 4179 eost.
1686 4127 1777 4197 ibique
1787 4125 1830 4178 dd.
1845 4124 1896 4178 Sed
1915 4126 1985 4176 ulta·

1177 4205 1233 4259 rius
1250 4221 1353 4278 qaoque
1369 4206 1474 4261 debitae
1490 4229 1506 4263 a
1524 4208 1626 4278 legibus
1643 4210 1821 4280 praescriptae
1838 4209 1987 4262 solemnita-

1177 4297 1217 4340 tes
1235 4289 1410 4344 adhibeantur
1427 4309 1534 4346 neemse
1547 4303 1601 4358 est,
1613 4291 1708 4361 quibus
1725 4292 1835 4344 omissis
1854 4294 1898 4346 rix
1919 4294 1983 4347 ullus

1176 4372 1246 4424 rires
1259 4389 1353 4444 capere
1370 4377 1466 4444 poterit
1482 4377 1590 4448 quodvis
1608 4377 1728 4429 ultimum
1748 4377 1878 4446 elogium
1892 4379 1984 4432 dantur
2004 4383 2020 4433 8

1178 4465 1264 4509 tannen
1282 4468 1310 4510 et
1321 4458 1445 4528 quaedam
1465 4476 1590 4531 personae
1596 4499 1605 4526 ‚
1617 4460 1714 4530 quibus
1727 4460 1905 4514 solemnitates
1922 4462 1987 4515 alias

1176 4539 1208 4594 ad
1223 4540 1361 4596 formalem
1375 4553 1587 4598 testamentorum
1606 4544 1801 4596 subsistentiam
1821 4543 1985 4614 pertinentes

1177 4623 1317 4694 remissae,
1331 4635 1358 4679 et
1370 4646 1481 4698 quarunt
1499 4629 1607 4682 ultimae
1626 4629 1785 4694 noluntates,
1798 4625 1858 4683 utut
1868 4631 1922 4685 iilis
1934 4651 1988 4688 uon

1177 4709 1322 4776 adhibitis,
1340 4729 1415 4766 suam
1433 4724 1521 4767 tamen
1538 4713 1697 4767 validitatem
1716 4713 1826 4779 habeut,
1847 4717 1986 4770 dieantur-

1177 4809 1227 4861 que
1248 4805 1389 4867 eapropter
1409 4797 1591 4868 pririlegintas.
1617 4799 1692 4850 later
1716 4797 1763 4851 has
1790 4799 1905 4871 prirunm
1933 4801 2023 4856 ieret

1179 4876 1269 4932 locum
1292 4879 1345 4932 sibi
1371 4881 1508 4936 riudieant
1533 4883 1647 4949 militest
1665 4893 1766 4937 constat
1785 4884 1858 4939 euim
1877 4885 1909 4938 de
1927 4887 1986 4953 his,

1179 4961 1275 5013 nudam
1301 4979 1391 5018 eorum
1412 4968 1553 5022 roluutatis
1580 4967 1779 5024 declarationem
1811 4969 1908 5026 babere
1931 4973 1987 5028 sim

1180 5043 1288 5099 ultimae
1306 5049 1465 5114 roluutatis,
1483 5050 1552 5120 quod
1570 5051 1599 5107 in
1614 5053 1724 5123 Paganis
1742 5051 1776 5105 ob
1795 5050 1926 5110 dalmtun
1945 5075 1987 5110 eo·

1181 5127 1310 5182 ieiunium
1329 5149 1383 5185 nou
1402 5133 1568 5202 procederet,
1587 5136 1605 5188 l.
1624 5135 1665 5188 10.
1675 5133 1716 5204 ff.
1734 5135 1768 5190 de
1786 5145 1849 5198 test..
1869 5139 1946 5190 milit.
1964 5139 1988 5211 5.

1181 5215 1205 5264 1.
1217 5215 1242 5287 1‘·
1260 5216 1317 5269 eod.
1336 5215 1379 5270 dn.
1398 5217 1542 5274 Bruuuem.
1560 5219 1599 5273 ad
1613 5222 1631 5273 1.
1651 5223 1676 5277 1.
1696 5241 1723 5274 ιι.
1744 5223 1769 5274 1.
1772 5219 1813 5290 ff.
1825 5223 1851 5274 d.
1863 5231 1883 5273 t.
1897 5227 1985 5280 flaba,

319 5305 380 5358 Dos
392 5323 429 5358 on
443 5301 624 5374 praeferenda
638 5301 795 5373 legitimae?
806 5319 833 5353 ιι.
847 5301 890 5352 81.
1180 5299 1219 5351 aa
1235 5299 1260 5352 d.
1278 5309 1298 5351 t.
1316 5299 1442 5354 Eueuid.
1461 5303 1495 5358 de
1510 5304 1633 5376 privtteg.
1652 5305 1730 5357 miir't.
1741 5305 1786 5358 lib.
1807 5305 1831 5358 2.
1843 5307 1932 5373 prisii,
1945 5313 1987 5362 to.

317 5383 492 5464 Affirmant.
504 5406 532 5440 n.
546 5387 590 5438 32.
1181 5401 1209 5436 ιι.
1222 5383 1248 5436 0.
1261 5383 1295 5437 Et
1307 5385 1371 5439 hinc
1390 5387 1522 5457 eleganter
1540 5388 1604 5442 satis
1623 5388 1651 5441 iu
1669 5389 1689 5440 l.
1703 5388 1780 5442 tlte.
1794 5389 1826 5442 de
1839 5400 1898 5444 test.
1911 5393 1988 5447 milit.

321 5473 396 5527 Filia
409 5472 504 5526 dotata
517 5489 573 5524 ιιοιι
591 5479 680 5542 potest
691 5469 834 5543 conqueri,
848 5469 909 5523 iioet
925 5471 974 5526 das
988 5472 1128 5528 mr'rrortea
1181 5463 1296 5522 diciture
1313 5467 1336 5519 si
1354 5466 1418 5538 quid
1437 5469 1466 5522 iu
1483 5471 1576 5541 clypeo
1592 5478 1637 5522 aut
1653 5471 1745 5542 sagina
1762 5473 1845 5527 literis
1861 5476 1988 5543 saugrrine

353 5557 457 5626 pruma,
470 5573 496 5608 η,
511 5554 553 5608 at,
1181 5547 1351 5605 rutilantibus
1369 5552 1504 5623 scripserit
1522 5554 1614 5619 miles,
1632 5555 1754 5610 stabilem
1774 5557 1851 5628 hujus
1870 5561 1988 5612 solitutu-

324 5641 438 5700 Grooulo
453 5639 565 5698 haeredi
576 5639 657 5696 datur
668 5641 815 5696 remedium
828 5638 995 5710 istrleidiae.
1009 5658 1035 5692 ιι.
1051 5639 1093 5693 80.
1183 5639 1237 5686 iem
1254 5648 1312 5688 etse
1328 5647 1460 5708 oportum
1487 5639 1557 5710 quod
1575 5647 1662 5694 umen
1681 5639 1841 5700 intellectum
1868 5645 2023 5704 rotuuass

317 4966 412 5020 Etiam
425 4964 510 5020 statui
519 4963 626 5032 imperii
636 4962 749 5016 remisso
760 4972 824 5018 suns
834 4961 975 5017 solemnia.
985 4981 1014 5016 ιι.
1027 4965 1071 5018 ut.

316 5053 377 5104 Ιιιιο
389 5060 414 5105 et
425 5049 517 5102 liberis
530 5049 599 5119 eius·
609 5067 637 5100 ιι.
649 5048 692 5100 20.

320 5134 463 5201 Quomodo
484 5135 608 5206 princeps
618 5169 628 5200 ,
640 5131 787 5203 principem
809 5131 954 5187 instituens
970 5132 1062 5187 testari
1081 5133 1126 5188 de·

354 5219 438 5274 ierat?
449 5239 476 5270 n.
489 5217 534 5269 27.
