4430 6232
989 173 1033 220 ,ρ’

333 309 388 361 ru
806 293 986 352 ntsnurtr
1002 293 1062 348 ιιι.
1080 290 1220 348 neuun.
1239 291 1275 346 u.
1295 293 1390 349 secr.
1406 271 1445 346 et:

288 377 410 461 setlefieel
431 414 484 454 uon
503 393 594 468 putuit.
611 391 679 446 llam
698 393 714 445 l.
742 391 767 444 l).
786 385 809 462 s
837 393 859 440 l.
869 382 912 456 Ι
931 389 964 440 de
981 387 1099 440 dirimet.
1156 385 1269 446 tionem,
1291 403 1407 442 essererr
1426 401 1478 438 noo
1498 383 1588 438 eueleo.
1605 381 1661 436 Cor
1678 383 1750 436 mim
1769 384 1920 438 enneedem
1948 405 1988 439 ρ.

279 494 442 562 pignoretur,
461 485 520 555 ipso
538 483 594 549 jure
613 478 712 530 dieitur
729 477 762 530 its
782 492 854 538 esee,
868 484 894 528 ιιι
915 473 946 525 ed
967 469 1099 523 residuum

282 575 324 644 egi
345 572 438 642 poenit,
458 569 519 621 linet
545 563 578 616 eb
603 561 679 614 initio
704 575 825 630 enpresee
849 559 920 610 inter
942 557 1099 606 creditorem

1142 466 1276 536 fricantes
1296 460 1492 523 'condictionem
1518 467 1641 521 indebiti.
1659 467 1792 522 'lribnnnt
1817 466 1844 518 id
1861 469 1985 536 quidese

1152 549 1279 625 Cujnns‘ne
1296 563 1322 606 et
1341 555 1432 608 Foder
1448 552 1686 624 retentioni,qnee
1699 549 1735 604 'fit
1754 551 1815 622 lpeo
1833 555 1905 619 ituree
1924 550 1985 606 eod

281 667 308 710 et
326 655 470 710 debitorem
490 652 526 704 ite
550 646 709 702 eoneenerit.
731 643 811 714 Quod
835 643 940 711 penitus
958 637 1097 690 ebenrdum
1150 636 1213 704 qnid
1232 645 1311 706 opes,
1325 651 1351 693 nt
1364 653 1533 690 recurremus
1551 636 1584 690 ed
1601 636 1770 688 disinetnrie.
1783 633 1848 686 tteu
1869 636 1983 688 nollem

203 766 206 774 ,
281 731 637 806 νω,,,·ψμς,μη.ῂιρω
653 737 717 784 seer.
735 721 1098 780 immoretustloetrineeim·
1150 719 1226 771 siden
1243 733 1345 781 mertem
1358 737 1432 784 ,unu
1442 720 1564 773 retentio
1581 720 1638 788 ipse
1654 721 1713 788 'jure
1738 717 1987 788 provenieneel'fi-

285 821 445 874 minutionis
469 819 504 871 nb
529 816 661 884 impensae
687 813 846 865 neeeseeriee
871 810 930 880 ipso
955 809 1012 875 iure
1028 808 1096 858 oirne
1151 803 1237 854 nerine
1259 803 1419 857 eeetimsode
1444 803 1503 868 ills,
1521 819 1587 874 quse
1608 799 1643 856 fit
1669 817 1715 872 per
1732 799 1931 870 exeeptlnuem,
1953 803 1989 852 ιι·

284 906 371 960 dotem
394 901 571 972 rontiupentis
596 909 663 952 tente
688 914 768 968 opere
798 909 821 952 et
843 911 980 958 sunreeeu,
1005 903 1047 956 ut,
1072 891 1095 944 ei
1149 885 1299 938 dominium
1319 903 1337 938 ⁰
1353 885 1441 954 priori
1458 893 1788 950 temmltffslfflifflm
1806 883 1983 980 “im-⁸⁰0·

282 1001 383 1044 tentum
404 1004 511 1058 sperere
528 987 600 1049 linet,
621 999 698 1036 nemo
715 991 791 1046 ente,
810 979 942 1052 proponite
956 995 1015 1032 meo
1027 993 1095 1030 um·
1147 967 1276 1022 fleetende
1295 969 1384 1039 potius
1401 971 1549 1037 nonjeoture
1574 967 1606 1020 ed
1625 963 1745 1019 edentum
1764 965 1870 1019 eltereue
1889 965 1983 1018 dreni·

282 1071 342 1124 dem
357 1085 389 1126 -ιιι
413 1073 518 1126 tendem
542 1067 752 1128 eonommodem,
771 1074 859 1116 restet.
877 1061 1027 1114 Eebilsuere
1045 1069 1095 1112 tre·
1148 1055 1268 1108 uullouit
1293 1057 1350 1127 ipio
1375 1057 1431 1124 iure
1456 1065 1585 1125 peremi
1604 1053 1667 1106 lim
1686 1061 1730 1106 2⁸²
1752 1050 1829 1105 5⁰⁸5&
1854 1053 1922 1108 Nm
1945 1055 1976 1106 ’ἶ
2048 1085 2051 1092 ’

280 1165 364 1208 reatos
376 1153 585 1224 praecedentium
601 1147 835 1219 porngrnpdorum
854 1144 966 1198 dominii
986 1143 1044 1213 ipso
1057 1143 1095 1207 ju·
1148 1137 1205 1208 ipso
1223 1139 1282 1205 iure
1299 1137 1430 1190 diminute
1446 1138 1507 1200 dos,
1521 1136 1628 1190 elientus
1646 1147 1683 1190 est
1698 1135 1834 1190 trensletin
1852 1136 1978 1195 dominii

285 1257 316 1291 κ
335 1239 493 1292 mmmm
512 1235 731 1304 „emptnetmi
752 1231 813 1283 truie
829 1227 984 1282 inserenrlut
1002 1228 1098 1294 puriter
1149 1221 1187 1270 rel
1208 1239 1256 1290 pro
1274 1234 1347 1290 perte
1365 1220 1470 1284 divise,
1488 1219 1528 1272 eel
1555 1236 1604 1288 pro
1629 1231 1704 1316 perte
1727 1217 1849 1271 tndtrtsr
1868 1221 1980 1277 'lentie

284 1321 390 1375 effectus
409 1339 440 1376 ee
459 1321 636 1374 diminutione
654 1323 711 1389 ipso
726 1322 785 1386 jure
803 1323 920 1386 perunte,
936 1315 1098 1383 proveniens.
1149 1302 1273 1368 effectur,
1287 1315 1314 1356 ui
1335 1304 1457 1357 eredelttr
1475 1301 1664 1355 dimluullottl·
1682 1319 1740 1372 ipio
1750 1317 1847 1369 tumn
1865 1307 1981 1374 poentio

285 1405 416 1472 Quoniem
436 1421 548 1472 nemque
564 1403 598 1454 ob
617 1403 694 1454 istem
721 1399 925 1452 diminutionem
951 1396 1097 1448 dominium
1152 1399 1283 1458 limem·
1304 1405 1355 1441 ⁰⁰¹¹
1371 1387 1450 1441 '5³²⁰
1467 1388 1533 1458 quid
1551 1395 1632 1439 πω·
1674 1423 1678 1433 =
1911 1469 1919 1486 .

286 1486 325 1536 rei
346 1485 374 1536 in
392 1485 480 1542 dotem
499 1483 573 1535 deire
598 1483 742 1550 inquiritur
768 1483 876 1544 merito,
896 1495 943 1532 nee
960 1479 1098 1533 intercedit
1187 1471 1303 1536 ΗῩΙ.
1325 1472 1448 1523 Τιιιιιιε
1474 1471 1523 1522 boo
1546 1467 1707 1566 pereppepbp
1732 1467 1884 1566 eereltntem
1910 1487 1978 1568 epse

288 1567 385 1619 lrrtttm
406 1567 499 1638 prieeti
519 1565 550 1619 erl
571 1567 686 1628 eiusdem
709 1568 921 1629 treusletionern,
940 1565 1004 1619 eliee
1022 1568 1102 1632 ejure
1153 1556 1210 1620 lule
1227 1553 1395 1606 fflmlllillffl
1415 1552 1505 1605 lldlff
1524 1555 1634 1603 ⁸W¹l⁰⁰¹
1649 1551 1710 1603 ΜΝ
1730 1567 1874 1650 P'J‘mm
1892 1555 1977 1624 9⁰¹¹*

282 1650 423 1718 nequieiti,
442 1648 571 1717 sequitur,
594 1649 665 1718 quod
691 1649 781 1702 bebito
808 1659 924 1718 respectu
946 1649 978 1700 ed
1005 1649 1100 1704 lectum
1153 1638 1223 1687 ⁰5¹⁰*
1249 1635 1365 1698 lttffimt
1386 1635 1431 1730 “il
1456 1635 1573 1687 ²⁸le
1600 1633 1622 1705 fi·
1647 1635 1690 1686 ²³·
1715 1634 1795 1704 ''titt“
1819 1645 1882 1690 Μ*-
1900 1653 1976 1736 ⁰⁰1!-
2025 1683 2030 1692 .

287 1733 381 1796 repud,
400 1747 451 1800 qm
470 1729 589 1782 ,dhtbtto
613 1733 654 1797 ju,
672 1732 751 1784 ,tium
776 1729 862 1784 efficit
881 1734 1035 1796 dominum,
1057 1732 1102 1784 do·
1154 1719 1234 1790 plecti
1249 1717 1978 1816 rutinorrlintedebtveperogrnpbodeqlerenrlesoloen

287 1815 403 1868 minium
428 1815 477 1867 hoc
501 1813 559 1884 ipso
583 1816 640 1882 jure
656 1816 737 1877 oriri,
756 1816 809 1867 dini
837 1817 927 1886 possit.
947 1817 997 1869 Sed
1017 1817 1102 1871 obstet
1189 1811 1211 1865 i·
1230 1802 1315 1858 ΠΗ·
1335 1803 1479 1872 Qumllfll'
1496 1817 1529 1853 ⁸⁰
1554 1816 1616 1852 ⁸⁰⁰⁸
1637 1801 1732 1853 imm
1758 1817 1816 1870 ἸΝ
1831 1819 1891 1868 l'm
1910 1803 1976 1856 ΜΘ·

285 1899 436 1970 quodcum
457 1899 566 1951 meritus
579 1900 618 1950 rei
633 1899 724 1952 dotelis
741 1911 811 1952 entes
830 1899 948 1953 extiterit
966 1899 1104 1964 dominus,
1155 1883 1475 1954 “llllssimsium‘llm
1497 1882 1784 1954 ‘lef‘ffli'lr‘i‘lfllffii
1808 1886 1977 1957 u'wilm

292 1983 378 2034 denuo
400 1979 523 2034 domiuus
548 1979 602 2032 diri
628 1999 679 2034 non
706 1984 788 2052 possit
815 1983 872 2052 ipso
895 1987 953 2051 jore
976 1983 1103 2037 redditus.

287 2060 422 2132 Iieepoud.
442 2065 642 2131 Tempnrnrium
671 2065 755 2134 ipsum
784 2065 857 2134 prius
881 2065 1002 2118 extitisse
1020 2064 1103 2116 domi·

289 2161 352 2196 num
363 2185 371 2208 ,
383 2161 453 2196 nono
471 2149 667 2213 superueniente
684 2167 747 2202 noes
766 2165 856 2212 ceute,
872 2151 930 2221 ipso
948 2153 1006 2220 jure
1022 2149 1104 2202 domi-

290 2243 354 2279 uum
373 2226 478 2278 eredere
494 2241 660 2298 perpetuum.

324 2316 346 2372 t.
365 2312 422 2362 XV·
440 2311 471 2368 l.
492 2313 533 2364 3⁰.
552 2331 595 2384 pr.
603 2311 644 2381 Ι.
662 2315 695 2368 de
713 2315 820 2369 actione
838 2316 920 2386 empti
936 2315 978 2368 bio
998 2315 1106 2368 bebetur

289 2408 374 2448 estut·
392 2394 521 2448 Vendidit
537 2397 598 2466 quis
624 2413 727 2452 serrum
747 2417 806 2452 enm
828 2400 949 2469 peculio,
969 2399 1013 2450 sed
1032 2411 1103 2452 unte-

287 2495 364 2548 quem
383 2478 502 2533 eumdem
522 2483 633 2551 emptori
649 2499 697 2534 nne
712 2499 770 2534 oum
791 2483 892 2550 peosrlio
909 2482 1033 2546 tenderet,
1049 2499 1102 2534 eer-

290 2578 334 2614 eus
351 2561 469 2614 venditus
489 2561 566 2616 lurto'
578 2580 632 2616 rem
652 2565 764 2634 eliqusm
785 2567 891 2620 domino
910 2581 955 2617 seu
975 2564 1104 2617 venditori

288 2643 425 2714 surripuit,
439 2647 577 2714 respondet
589 2648 675 2713 totos,
688 2647 774 2717 ipsum
787 2659 887 2702 tentum
899 2649 1017 2702 retinere
1030 2665 1105 2717 posse

225 2743 231 2754 '
284 2743 319 2780 ,ex
340 2729 455 2798 peculio,
474 2730 497 2780 ei
515 2738 620 2798 emptor
636 2729 757 2782 eumdem
777 2733 886 2801 petierit
905 2747 962 2784 eum
982 2733 1104 2802 peculio,

288 2823 416 2877 quentum
429 2825 519 2860 sersus
532 2811 652 2863 venditur
665 2811 808 2876 abstulerat,
822 2815 908 2866 mutu
921 2817 1035 2880 ratione,
1045 2818 1107 2884 quie

292 2895 351 2960 ipso
369 2893 426 2958 jure
444 2891 576 2959 peculium
597 2881 766 2948 diminutum.
781 2895 828 2948 Nil
847 2899 918 2948 uliud
939 2898 1020 2948 eenslt
1036 2897 1106 2950 ttri-

288 2989 370 3025 ,ceuue
386 2971 474 3026 diotae
494 2973 510 3025 l.
531 2975 574 3030 dli..
592 2983 696 3038 euetor,
711 2995 788 3045 quem
808 2976 984 3031 diminutione
1003 2979 1054 3030 istd
1069 2981 1107 3030 di-

293 3059 425 3108 minutum
445 3055 527 3109 luisse
544 3059 695 3128 peculium,
713 3077 743 3111 ro
761 3059 873 3123 ede-orm
892 3073 920 3112 ut
939 3062 1006 3130 quod
1026 3064 1105 3132 elege-

292 3143 330 3194 rit
349 3143 445 3196 exinde
468 3144 598 3213 pristinos
621 3144 759 3209 dominns,
785 3146 817 3196 ut
842 3147 963 3198 eumdem
993 3153 1107 3201 treneert

293 3237 422 3294 temqoeru
442 3225 475 3278 od
493 3224 629 3282 dominum
637 3264 647 3292 ,
662 3227 697 3282 oti
710 3243 743 3280 eo
762 3225 934 3280 diminutione
947 3229 1015 3281 dotis
1029 3241 1110 3283 truns-

295 3308 365 3361 ieret
384 3305 531 3360 dominium
554 3309 586 3362 ed
612 3311 740 3364 meritum.
772 3309 871 3363 Hebito
890 3311 967 3377 igitur
991 3325 1109 3382 respectu

294 3391 326 3444 ed
346 3391 511 3457 dominium,
530 3393 599 3462 qood
620 3393 742 3446 trenelert
761 3397 802 3462 jue
820 3411 871 3446 non
891 3396 993 3463 ipsum,
1013 3395 1058 3448 eed
1073 3395 1109 3450 l'e·

296 3482 340 3526 nto
358 3475 486 3544 requisito
504 3474 610 3528 elteriue
624 3477 695 3530 illem
710 3477 824 3529 dominii
838 3480 1033 3532 translationem
1053 3476 1111 3550 ipso

293 3559 353 3626 iore
370 3557 465 3612 lentem
484 3558 572 3612 dicere
588 3563 699 3630 poteris.
713 3559 827 3632 Objicis,
841 3561 1045 3616 diminutionem
1058 3579 1111 3616 non

295 3637 358 3696 lieri
375 3640 430 3696 niel
445 3643 561 3713 praeuio
581 3641 753 3710 obligatione.
772 3643 845 3696 lnter
861 3643 997 3698 dominum
1016 3661 1075 3700 sero
1089 3657 1112 3700 et

296 3740 402 3780 eereum
431 3725 502 3778 nolte
523 3723 657 3795 nbllgeiio.
680 3727 817 3792 Respond.
845 3727 965 3780 Durente
989 3740 1112 3798 potestete

300 3805 432 3864 dominice
449 3808 618 3876 obligetionis
637 3823 739 3861 oensem
759 3809 946 3879 obligationem
967 3827 1018 3863 non
1038 3831 1110 3882 pere·

302 3905 347 3952 ne,
367 3890 483 3945 nudem
504 3900 590 3944 temen
607 3891 677 3946 eires
695 3891 826 3956 nunnioni,
843 3909 875 3946 eo
900 3905 1045 3960 memento,
1063 3913 1114 3967 quo

303 3969 391 4022 eedem
411 3972 545 4040 dissolute.
559 3976 615 4026 lino
625 3971 660 4026 lit
673 3991 733 4028 com
752 3991 839 4031 serem
858 3977 968 4032 truditur
985 3983 1112 4050 emptori,

300 4069 383 4121 eoque
403 4065 534 4109 momento
552 4055 713 4118 dominium,
727 4059 829 4123 peculio
847 4059 904 4128 ipso
922 4061 979 4128 jure
995 4064 1114 4128 minuto,

308 4134 424 4204 pristino
446 4135 552 4189 domino
574 4137 688 4190 obvenit·
706 4138 841 4192 Ceeterum
859 4141 1019 4195 arbitrentur
1038 4141 1114 4209 Cuju-

309 4217 365 4269 cius
383 4229 409 4268 et
427 4217 510 4272 Feber
528 4219 565 4272 nd
581 4222 608 4272 b.
625 4221 643 4272 1.
667 4223 853 4288 retentionem,
873 4241 951 4292 queue
976 4221 1117 4296 effrenatius

299 4297 419 4352 rouoedit
438 4299 473 4352 nb
491 4301 619 4370 peculium
639 4303 815 4368 diminutum,
829 4322 879 4358 noo
894 4307 1016 4360 tribuisse
1033 4309 1116 4362 domi·

305 4385 395 4447 nium,
414 4384 458 4440 sed
476 4385 627 4456 simplieem
653 4389 843 4455 retentionem,
867 4407 941 4458 esse,
958 4410 1023 4463 quer
1045 4411 1116 4448 nom-

304 4468 372 4538 petit
389 4467 426 4520 ob
445 4466 576 4538 impenees
594 4471 623 4522 in
641 4487 683 4524 res
701 4472 798 4526 elienes
816 4474 930 4528 milites.
949 4474 1014 4530 Esse
1033 4487 1118 4533 temen

303 4553 373 4606 beno
389 4553 524 4606 eommnni
548 4553 717 4620 nobiliorem,
735 4556 906 4627 eemdemqoe
929 4563 1061 4631 eppellent
1079 4581 1117 4617 re-

306 4635 452 4689 tentionem
474 4625 540 4706 qisee
562 4631 596 4689 fit
617 4637 674 4706 ipso
692 4639 773 4712 jure,
800 4657 965 4696 communem
990 4663 1050 4698 sero
1074 4667 1120 4718 per

305 4720 503 4786 exceptionem.
523 4718 612 4791 lteque
630 4739 690 4776 oum
709 4723 774 4776 eliee
790 4725 872 4794 juris,
891 4733 920 4778 nt
941 4727 986 4796 qui
1005 4730 1121 4785 retinere

307 4800 399 4853 sellem
418 4809 532 4872 poteret,
550 4819 579 4855 re
596 4819 645 4873 per
663 4818 778 4857 errorem
797 4807 899 4860 reddite
917 4809 1053 4864 nondieere
1068 4829 1119 4866 non

306 4886 405 4948 uuleet3
422 4881 471 4936 hoo
488 4888 549 4938 iesu
566 4901 640 4938 eeene
657 4902 730 4952 esse,
751 4888 925 4962 ineditamque
941 4892 977 4945 eb
993 4895 1120 4964 astum

307 4965 512 5020 rondstionem.
531 4967 585 5036 Ego
602 4985 655 5024 ιιοιι
672 4970 780 5038 drtbitn,
795 4975 858 5043 quin
877 4975 931 5028 «lini
949 4979 1047 5046 poenit,
1066 4981 1123 5050 ipso

309 5052 367 5117 jure
386 5047 501 5104 diminui
521 5051 652 5121 peeolium
670 5053 704 5106 nb
723 5053 818 5109 lentum
832 5057 915 5122 istud,
929 5058 1018 5111 belslto
1035 5077 1121 5130 respe-

308 5145 353 5188 otu
371 5133 402 5186 ed
421 5134 643 5200 diminutionem,
662 5154 727 5207 quee
746 5152 792 5208 per
808 5139 933 5193 edentum
951 5143 1124 5211 exceptionis.

311 5217 379 5275 ilem
399 5227 629 5286 contenderem,
641 5220 682 5272 oui
702 5222 802 5274 nullum
822 5224 951 5292 competit
963 5227 1004 5291 jus
1016 5226 1123 5294 egendi,

311 5311 384 5354 tutus
402 5312 442 5355 eet
461 5302 521 5371 ipso
544 5305 602 5370 jure
624 5303 669 5373 qui
696 5306 857 5358 oomeoitnr.
875 5307 948 5359 Telis
965 5318 1003 5359 est
1020 5321 1125 5378 emptor

313 5383 416 5450 peculii.
435 5381 507 5437 Licet
525 5385 596 5437 enim
615 5383 738 5440 hebuerit
754 5389 879 5442 sotionem
899 5389 998 5458 erupti,
1017 5389 1073 5460 ipss
1086 5401 1124 5446 te·

315 5481 376 5516 enen
395 5468 434 5520 rei
449 5467 556 5521 interitu
575 5487 607 5522 ee
626 5469 805 5526 diminutione
821 5474 922 5526 oriente
942 5485 982 5526 est
1000 5475 1124 5530 retinete.

315 5553 414 5602 vernn
432 5551 625 5606 trineietinoem
644 5555 756 5609 dominii
779 5575 830 5610 nou
856 5574 912 5611 esee
936 5557 1054 5612 ellectum
1076 5563 1124 5613 im·

317 5631 473 5688 minutionis
494 5633 552 5706 ipen
569 5640 626 5706 jure
651 5649 784 5712 perentee,
802 5640 847 5694 sed
872 5641 1023 5712 simplicem
1041 5656 1123 5699 reten-

1155 1967 1207 2018 stio
1219 1985 1270 2034 quo
1281 1967 1436 2020 luculentius
1454 1964 1626 2036 pereipietor,
1640 1965 1765 2020 tredendo
1776 1963 1900 2023 definitio
1914 1975 1976 2026 bee-

1155 2051 1242 2112 redis,
1260 2055 1306 2120 qui
1325 2066 1389 2106 eune
1407 2051 1559 2120 eppelletur.
1580 2048 1683 2103 Deiecit
1709 2054 1767 2121 ipse
1787 2054 1895 2114 Annia
1915 2059 1976 2110 Ρ..
2048 2063 2055 2070 ·

1155 2135 1261 2190 le'rinno.
1281 2137 1346 2190 illem
1365 2151 1425 2188 oum
1445 2137 1570 2205 glorietne
1585 2146 1668 2199 esset,
1681 2151 1707 2188 te
1726 2137 1892 2208 glossentetie
1905 2143 1973 2214 ioris

1157 2223 1319 2272 Arcuree'um
1338 2231 1535 2289 supereturum,
1553 2231 1577 2274 et
1596 2221 1771 2290 interrogetus
1791 2240 1804 2271 ι
1822 2222 1919 2278 Soeiuu
1939 2225 1975 2279 de

1157 2298 1311 2356 definitione
1329 2303 1372 2358 eui
1383 2305 1525 2368 haeredes,
1536 2304 1701 2358 obmutuisse
1717 2304 1802 2360 iertur
1813 2307 1846 2362 eb
1862 2310 1974 2366 Aleinte

1156 2385 1204 2434 tii.
1221 2386 1246 2436 d.
1264 2403 1367 2456 purerg.
1383 2387 1425 2439 19.
1435 2399 1463 2440 et
1480 2403 1552 2456 repq.
1566 2385 1621 2440 line
1634 2389 1742 2440 interim
1756 2405 1895 2460 sequemur
1916 2395 1975 2447 De·

1157 2467 1257 2520 trellum
1278 2469 1405 2522 Jetnruee
1420 2471 1681 2534 preertnntisrimum
1693 2473 1735 2526 itt».
1750 2474 1775 2524 t.
1787 2491 1846 2546 cop.
1860 2475 1885 2527 2.
1899 2494 1974 2530 neum

1158 2549 1293 2604 beeredem
1316 2549 1498 2606 definientem.
1518 2552 1564 2604 tie
1582 2569 1640 2606 enus
1659 2553 1799 2620 heeredes,
1818 2559 1857 2610 rel
1870 2559 1917 2627 p'us
1936 2559 1973 2612 ie-

1157 2653 1227 2699 oereq
1247 2651 1344 2704 eoique
1370 2645 1439 2688 esset
1463 2637 1593 2689 teetetnrie
1614 2637 1716 2690 liberos
1737 2657 1897 2712 quorumque
1913 2649 1976 2713 jure

1158 2731 1275 2782 rocetos,
1293 2729 1320 2772 et
1342 2720 1388 2790 qni
1417 2719 1444 2771 in
1469 2729 1593 2791 potestete
1616 2721 1769 2787 morientis,
1788 2743 1817 2777 eo
1839 2737 1974 2795 preeterer

1158 2805 1245 2872 primo
1262 2802 1343 2870 predo
1362 2815 1437 2868 tuno,
1455 2821 1513 2856 oum
1533 2805 1678 2858 beeredites
1695 2805 1794 2861 delerri
1812 2813 1903 2880 eoepit.
1921 2815 1973 2866 Vel

1158 2889 1328 2943 voluntatem
1345 2887 1434 2954 putris.
1455 2889 1507 2956 Qui
1527 2888 1597 2940 enim
1618 2889 1702 2958 petri,
1721 2891 1791 2944 idem
1809 2890 1881 2958 titio,
1897 2895 1973 2948 iretri

1158 2985 1219 3031 son,
1241 2970 1262 3021 si
1289 2971 1314 3021 ei
1342 2969 1514 3024 substituetur
1537 2967 1571 3022 fit
1586 2986 1660 3024 enus.
1679 2971 1717 3023 dd
1736 2977 1913 3044 quaestionem
1932 2998 1975 3034 re-

1159 3051 1290 3119 spondeo,
1309 3051 1430 3106 eumdem
1448 3049 1502 3104 diri
1530 3069 1605 3124 poete
1629 3055 1814 3110 hoereditatem
1841 3059 1901 3132 ipso
1917 3063 1976 3130 jore

1159 3135 1301 3204 requirere.
1313 3135 1387 3206 Opus
1399 3137 1472 3189 enlm
1488 3137 1552 3189 elies
1565 3149 1601 3192 eet
1614 3137 1803 3192 beereditetens
1817 3145 1978 3214 acquisituro

1160 3218 1242 3270 editio
1261 3219 1280 3272 i.
1297 3233 1318 3270 e.
1332 3219 1470 3274 deeleretio
1489 3220 1630 3274 volontatis
1644 3221 1671 3274 in
1686 3221 1764 3276 heere
1783 3225 1856 3278 itetis
1875 3227 1976 3282 deleiee

1160 3301 1356 3370 erquieitiooenr
1376 3301 1573 3357 nonenitlentis.
1586 3303 1615 3355 ln
1634 3304 1747 3359 haerede
1759 3325 1807 3362 eno
1819 3311 1906 3362 eedem
1921 3331 1974 3366 nnn

1160 3400 1242 3455 opor,
1260 3383 1304 3437 sed
1324 3397 1427 3437 mortuo
1452 3387 1514 3449 illo,
1533 3387 1578 3438 eui
1602 3391 1812 3457 eoncedendum,
1833 3393 1975 3451 buererlitre

1163 3469 1216 3540 ipei
1229 3477 1302 3522 extre
1323 3467 1402 3522 ietioe
1419 3469 1558 3523 soluntetie
1577 3470 1777 3528 deelsretinnem
1792 3481 1917 3548 requirite
1930 3497 1976 3537 est.

1162 3555 1260 3608 llebilo
1277 3551 1360 3621 igitur
1376 3563 1495 3624 respectu
1505 3557 1539 3607 ed
1559 3557 1776 3626 requisitionem,
1787 3579 1864 3632 quero
1881 3566 1923 3634 jus
1935 3584 1977 3617 eo-

1162 3639 1267 3694 eedente
1284 3639 1416 3703 editione,
1436 3640 1503 3693 lento
1523 3639 1623 3694 subditi
1641 3644 1848 3714 entrejudirieli,
1864 3652 1975 3718 permit-

1163 3725 1210 3789 tit,
1222 3723 1339 3794 eeqeitor
1358 3722 1404 3776 obi
1422 3725 1540 3779 eenedem
1561 3725 1601 3793 jue
1614 3743 1666 3778 non
1680 3729 1806 3798 requirit,
1818 3733 1975 3802 eoquisiteru

1165 3819 1251 3860 temen
1270 3807 1360 3861 stetnit
1376 3805 1582 3872 bruuttuun,
1595 3807 1726 3881 ipsojure
1742 3813 1905 3868 onnoilietem
1924 3815 1976 3868 dini

1164 3907 1246 3962 posse.
1255 3889 1369 3944 Elleetns
1382 3889 1551 3945 haereditetis
1564 3890 1623 3960 ipso
1634 3893 1692 3959 jure
1704 3895 1842 3947 treneietee
1854 3896 1979 3968 suot.(l.)

1164 3985 1191 4028 ot
1209 3973 1255 4029 eui
1275 3975 1393 4027 existent
1417 3969 1559 4037 heoredes,
1578 3974 1657 4026 etiem
1683 3975 1841 4044 ignorentes.
1860 3981 1939 4034 Unde
1954 3984 1976 4033 ei

1166 4061 1263 4126 putesit
1287 4065 1398 4110 metrem
1424 4063 1622 4126 preepuentem,
1639 4073 1705 4126 quse
1731 4065 1817 4112 temen
1844 4063 1901 4114 tulis
1927 4081 1978 4116 non

1164 4142 1261 4204 lueret,
1280 4155 1404 4202 exesse,
1423 4155 1476 4192 non
1496 4155 1543 4208 pro
1562 4139 1691 4207 dimidie,
1710 4151 1739 4195 ut
1757 4153 1908 4212 puteeeret,
1926 4150 1980 4203 erit

1168 4225 1257 4276 beeres
1275 4221 1293 4272 l.
1307 4223 1350 4273 8⁰·
1365 4224 1384 4277 i·
1398 4219 1474 4290 lbffi
1494 4223 1527 4274 de
1546 4221 1700 4292 acquirend.
1718 4225 1764 4277 etei
1774 4225 1860 4279 omitt.
1873 4229 1979 4286 inerret.

1167 4303 1206 4356 En
1224 4301 1312 4358 eedem
1331 4301 1433 4355 relione
1444 4313 1469 4355 et
1487 4299 1594 4356 lurioeie
1612 4313 1639 4358 et
1657 4303 1804 4359 insentibus
1822 4309 1873 4362 ieie
1890 4315 1980 4382 eoqut.

1168 4389 1236 4440 ritut
1254 4385 1409 4439 beereditee.
1427 4385 1450 4452 ς.
1470 4383 1496 4436 b.
1508 4385 1535 4457 j.
1546 4385 1579 4440 de
1596 4385 1703 4442 dnered.
1716 4389 1752 4444 nd
1770 4392 1885 4447 interint.
1904 4396 1980 4466 Quod

1168 4475 1190 4528 si
1209 4473 1342 4535 extremi,
1361 4469 1426 4540 ipsis
1445 4485 1497 4522 oon
1516 4471 1651 4540 competit.
1668 4471 1687 4522 1.
1704 4473 1754 4544 qni
1767 4487 1876 4528 neruum
1886 4475 1927 4543 Ι.
1948 4463 1981 4534 ἃς

1167 4553 1319 4625 acquirend.
1339 4551 1446 4607 burred
1461 4552 1515 4624 (i.)
1533 4557 1570 4608 Ut
1593 4553 1737 4608 beereditee
1754 4557 1884 4625 ignoranti
1897 4557 1980 4615 delete

1169 4643 1253 4711 possit
1276 4637 1428 4693 trenemitti.
1453 4637 1505 4692 Sed
1524 4638 1551 4690 id
1569 4651 1645 4690 neom
1671 4635 1699 4689 in
1724 4637 1834 4692 beerede
1857 4653 1980 4697 extreneo

1170 4724 1280 4778 hebebit.
1301 4721 1378 4775 Aliud
1397 4723 1419 4775 ei
1438 4719 1525 4773 lilium
1543 4729 1587 4772 eut
1604 4715 1689 4772 liliem
1708 4721 1853 4792 relinquete
1867 4723 1895 4776 lti
1908 4727 1979 4778 enlm

1169 4823 1264 4862 nonen
1276 4809 1334 4875 jure
1352 4803 1534 4866 beereditetle,
1549 4803 1617 4872 petri
1635 4812 1697 4856 ente
1707 4804 1808 4858 obitum
1826 4807 1980 4878 eoquieitee,

1171 4891 1329 4952 succedunt,
1356 4887 1401 4942 eetl
1425 4889 1482 4955 jure
1506 4885 1630 4950 enitatis,
1649 4886 1668 4938 l.
1687 4905 1708 4941 e.
1732 4889 1852 4959 proprio.
1878 4890 1927 4959 (8.)
1944 4891 1981 4944 Ui

1171 4973 1272 5025 nullom
1292 4969 1387 5025 iontem
1414 4969 1558 5039 requiretur
1583 4969 1715 5037 beeredie,
1735 4981 1779 5024 eut
1796 4973 1985 5036 eliorum,'eu·

1172 5057 1281 5109 otoritee
1307 5063 1438 5116 tutorum,
1458 5067 1576 5103 eesensus
1602 5053 1731 5106 euretorie
1755 5052 1848 5108 lurioei
1872 5053 1939 5128 (1.5.
1959 5058 1984 5109 3.

1173 5137 1276 5207 Quibus
1293 5137 1354 5188 eddi
1371 5147 1469 5207 petent,
1486 5137 1556 5204 quod
1580 5135 1644 5190 olim
1668 5139 1805 5190 extiterint
1824 5139 1917 5201 inriti,
1938 5158 1985 5192 en-

1173 5232 1273 5289 teqoem
1291 5229 1394 5289 preetor
1411 5217 1557 5286 indulgeret
1575 5215 1732 5274 beneficium
1751 5221 1911 5274 obstineddi.
1923 5221 1986 5274 Cee·

1175 5315 1257 5358 terum
1277 5303 1408 5356 neminem
1421 5311 1595 5368 enumerent,
1609 5303 1677 5374 quod
1692 5304 1877 5356 beereditetem
1895 5308 1985 5375 eppei-

1174 5387 1284 5441 leeerim
1304 5387 1384 5454 illud,
1401 5387 1470 5457 quod
1491 5383 1550 5440 titio
1567 5385 1620 5456 ipsi
1642 5404 1674 5440 ex
1694 5397 1778 5441 morte
1795 5389 1880 5458 petris
1898 5390 1987 5458 enqui-

1174 5475 1271 5538 sitom‚
1289 5489 1347 5524 nom
1367 5481 1454 5525 temen
1471 5471 1488 5523 l.
1509 5472 1550 5524 tu.
1569 5473 1590 5538 §.
1611 5473 1636 5522 t.
1645 5471 1685 5540 Ι
1704 5471 1737 5526 de
1755 5471 1830 5526 liber.
1843 5481 1871 5526 et
1884 5471 1990 5542 postin-

1175 5556 1224 5610 mir
1242 5555 1350 5611 haered.
1367 5558 1441 5610 tetus
1458 5554 1677 5626 expreseedinet,
1693 5573 1743 5610 non
1763 5572 1820 5610 esse
1840 5557 1911 5610 illem
1931 5572 1987 5608 sno·

1174 5639 1317 5695 cessionem
1336 5641 1364 5693 iu
1382 5639 1587 5708 hoereditatem,
1604 5639 1648 5694 sed
1667 5642 1694 5692 in
1710 5642 1822 5712 propriu
1842 5641 1919 5706 boue;
1934 5656 1993 5692 nem
