<?xml version="1.0" encoding="UTF-8"?>
<!DOCTYPE html PUBLIC "-//W3C//DTD XHTML 1.0 Transitional//EN"
    "http://www.w3.org/TR/xhtml1/DTD/xhtml1-transitional.dtd">
<html xmlns="http://www.w3.org/1999/xhtml" xml:lang="en" lang="en">
 <head>
  <title>
</title>
<meta http-equiv="Content-Type" content="text/html;charset=utf-8" />
  <meta name='ocr-system' content='tesseract 3.04.00' />
  <meta name='ocr-capabilities' content='ocr_page ocr_carea ocr_par ocr_line ocrx_word'/>
</head>
<body>
  <div class='ocr_page' id='page_1' title='image "./samuelisstrykii03schogoog_0117.png"; bbox 0 0 4414 6220; ppageno 0'>
   <div class='ocr_carea' id='block_1_1' title="bbox 751 186 1291 258">
    <p class='ocr_par' dir='ltr' id='par_1_1' title="bbox 751 186 1291 258">
     <span class='ocr_line' id='line_1_1' title="bbox 751 186 1291 258; baseline 0.022 -14"><span class='ocrx_word' id='word_1_1' title='bbox 751 186 800 244; x_wconf 81' lang='lat' dir='ltr'><strong>DE</strong></span> <span class='ocrx_word' id='word_1_2' title='bbox 818 187 948 248; x_wconf 78' lang='lat' dir='ltr'><strong>orrtctt</strong></span> <span class='ocrx_word' id='word_1_3' title='bbox 966 189 1210 254; x_wconf 67' lang='lat' dir='ltr'>NECESSITATE</span> <span class='ocrx_word' id='word_1_4' title='bbox 1229 207 1291 258; x_wconf 82' lang='lat' dir='ltr'><strong>irre.</strong></span> 
     </span>
    </p>
   </div>
   <div class='ocr_carea' id='block_1_2' title="bbox 1754 203 1810 261">
    <p class='ocr_par' dir='ltr' id='par_1_2' title="bbox 1754 203 1810 261">
     <span class='ocr_line' id='line_1_2' title="bbox 1754 203 1810 261; baseline 0.054 -3"><span class='ocrx_word' id='word_1_5' title='bbox 1754 203 1810 261; x_wconf 75' lang='grc'><strong>234</strong></span> 
     </span>
    </p>
   </div>
   <div class='ocr_carea' id='block_1_3' title="bbox 172 278 1865 534">
    <p class='ocr_par' dir='ltr' id='par_1_3' title="bbox 172 278 1865 534">
     <span class='ocr_line' id='line_1_3' title="bbox 172 278 1862 368; baseline 0.005 -20"><span class='ocrx_word' id='word_1_6' title='bbox 172 294 271 348; x_wconf 81' lang='lat' dir='ltr'><strong>terior.</strong></span> <span class='ocrx_word' id='word_1_7' title='bbox 287 286 459 348; x_wconf 77' lang='lat' dir='ltr'><strong>Notariorum</strong></span> <span class='ocrx_word' id='word_1_8' title='bbox 479 301 541 343; x_wconf 80' lang='lat' dir='ltr'><strong>tero</strong></span> <span class='ocrx_word' id='word_1_9' title='bbox 559 278 728 357; x_wconf 85' lang='lat' dir='ltr'><strong>praeeipuam</strong></span> <span class='ocrx_word' id='word_1_10' title='bbox 745 280 935 353; x_wconf 82' lang='lat' dir='ltr'><strong>officiumest,</strong></span> <span class='ocrx_word' id='word_1_11' title='bbox 948 296 990 342; x_wconf 90' lang='lat' dir='ltr'><strong>ta-</strong></span> <span class='ocrx_word' id='word_1_12' title='bbox 1046 308 1079 359; x_wconf 73' lang='lat' dir='ltr'><strong>go</strong></span> <span class='ocrx_word' id='word_1_13' title='bbox 1098 303 1188 347; x_wconf 81' lang='lat' dir='ltr'><strong>notum</strong></span> <span class='ocrx_word' id='word_1_14' title='bbox 1207 303 1263 362; x_wconf 82' lang='lat' dir='ltr'><strong>esi;</strong></span> <span class='ocrx_word' id='word_1_15' title='bbox 1280 293 1350 366; x_wconf 86' lang='lat' dir='ltr'><strong>quod</strong></span> <span class='ocrx_word' id='word_1_16' title='bbox 1367 294 1391 349; x_wconf 92' lang='lat' dir='ltr'><strong>si</strong></span> <span class='ocrx_word' id='word_1_17' title='bbox 1411 304 1499 351; x_wconf 88' lang='lat' dir='ltr'><strong>tamen</strong></span> <span class='ocrx_word' id='word_1_18' title='bbox 1518 293 1611 368; x_wconf 86' lang='lat' dir='ltr'><strong>inique</strong></span> <span class='ocrx_word' id='word_1_19' title='bbox 1628 293 1701 354; x_wconf 85' lang='lat' dir='ltr'><strong>lilius</strong></span> <span class='ocrx_word' id='word_1_20' title='bbox 1720 297 1862 357; x_wconf 52' lang='lat' dir='ltr'><strong>ab‘baere·</strong></span> 
     </span>
     <span class='ocr_line' id='line_1_4' title="bbox 174 368 1861 451; baseline 0.004 -19"><span class='ocrx_word' id='word_1_21' title='bbox 174 379 252 432; x_wconf 87' lang='lat' dir='ltr'><strong>bulas</strong></span> <span class='ocrx_word' id='word_1_22' title='bbox 271 373 423 432; x_wconf 86' lang='lat' dir='ltr'><strong>testamenti</strong></span> <span class='ocrx_word' id='word_1_23' title='bbox 452 369 638 432; x_wconf 83' lang='lat' dir='ltr'><strong>conscribere,</strong></span> <span class='ocrx_word' id='word_1_24' title='bbox 663 368 733 423; x_wconf 82' lang='lat' dir='ltr'><strong>siout</strong></span> <span class='ocrx_word' id='word_1_25' title='bbox 755 368 824 440; x_wconf 85' lang='lat' dir='ltr'><strong>ipsis</strong></span> <span class='ocrx_word' id='word_1_26' title='bbox 843 372 991 442; x_wconf 85' lang='lat' dir='ltr'><strong>injunctum</strong></span> <span class='ocrx_word' id='word_1_27' title='bbox 1047 373 1130 427; x_wconf 84' lang='lat' dir='ltr'><strong>ditate</strong></span> <span class='ocrx_word' id='word_1_28' title='bbox 1148 384 1255 444; x_wconf 84' lang='lat' dir='ltr'><strong>paterna</strong></span> <span class='ocrx_word' id='word_1_29' title='bbox 1273 379 1404 443; x_wconf 85' lang='lat' dir='ltr'><strong>exclusus,</strong></span> <span class='ocrx_word' id='word_1_30' title='bbox 1423 389 1538 451; x_wconf 88' lang='lat' dir='ltr'><strong>paratam</strong></span> <span class='ocrx_word' id='word_1_31' title='bbox 1556 379 1610 450; x_wconf 90' lang='lat' dir='ltr'><strong>ipsi</strong></span> <span class='ocrx_word' id='word_1_32' title='bbox 1636 398 1694 436; x_wconf 85' lang='lat' dir='ltr'><strong>esse</strong></span> <span class='ocrx_word' id='word_1_33' title='bbox 1717 379 1861 440; x_wconf 79' lang='lat' dir='ltr'><strong>inofficiosi</strong></span> 
     </span>
     <span class='ocr_line' id='line_1_5' title="bbox 174 451 1865 534; baseline 0.002 -22"><span class='ocrx_word' id='word_1_34' title='bbox 174 461 206 522; x_wconf 81' lang='lat' dir='ltr'><strong>in</strong></span> <span class='ocrx_word' id='word_1_35' title='bbox 225 460 424 528; x_wconf 64' lang='lat' dir='ltr'><strong>recrearemur.</strong></span> <span class='ocrx_word' id='word_1_36' title='bbox 436 456 553 510; x_wconf 81' lang='lat' dir='ltr'><strong>deonna</strong></span> <span class='ocrx_word' id='word_1_37' title='bbox 568 451 648 504; x_wconf 74' lang='lat' dir='ltr'><strong>titi.</strong></span> <span class='ocrx_word' id='word_1_38' title='bbox 665 451 706 504; x_wconf 83' lang='lat' dir='ltr'><strong>sir.</strong></span> <span class='ocrx_word' id='word_1_39' title='bbox 727 468 786 508; x_wconf 85' lang='lat' dir='ltr'><strong>uon</strong></span> <span class='ocrx_word' id='word_1_40' title='bbox 811 463 991 511; x_wconf 85' lang='lat' dir='ltr'><strong>testamenren</strong></span> <span class='ocrx_word' id='word_1_41' title='bbox 1047 455 1195 524; x_wconf 79' lang='lat' dir='ltr'><strong>querolum,</strong></span> <span class='ocrx_word' id='word_1_42' title='bbox 1210 459 1309 529; x_wconf 86' lang='lat' dir='ltr'><strong>parlier</strong></span> <span class='ocrx_word' id='word_1_43' title='bbox 1326 471 1428 516; x_wconf 83' lang='lat' dir='ltr'><strong>constat</strong></span> <span class='ocrx_word' id='word_1_44' title='bbox 1444 479 1478 515; x_wconf 89' lang='lat' dir='ltr'><strong>ex</strong></span> <span class='ocrx_word' id='word_1_45' title='bbox 1489 472 1537 516; x_wconf 70' lang='lat' dir='ltr'><strong>toi.</strong></span> <span class='ocrx_word' id='word_1_46' title='bbox 1557 465 1598 515; x_wconf 79' lang='lat' dir='ltr'><strong>rit.</strong></span> <span class='ocrx_word' id='word_1_47' title='bbox 1606 460 1649 531; x_wconf 80' lang='lat' dir='ltr'><strong>ff.</strong></span> <span class='ocrx_word' id='word_1_48' title='bbox 1666 464 1698 517; x_wconf 86' lang='lat' dir='ltr'><strong>de</strong></span> <span class='ocrx_word' id='word_1_49' title='bbox 1713 461 1794 534; x_wconf 73' lang='lat' dir='ltr'><strong>inoffi</strong></span> <span class='ocrx_word' id='word_1_50' title='bbox 1805 473 1865 518; x_wconf 83' lang='lat' dir='ltr'><strong>test.</strong></span> 
     </span>
    </p>
   </div>
   <div class='ocr_carea' id='block_1_4' title="bbox 176 533 994 696">
    <p class='ocr_par' dir='ltr' id='par_1_4' title="bbox 176 533 994 696">
     <span class='ocr_line' id='line_1_6' title="bbox 176 533 994 610; baseline -0.007 -12"><span class='ocrx_word' id='word_1_51' title='bbox 176 543 230 598; x_wconf 79' lang='lat' dir='ltr'><strong>iti:</strong></span> <span class='ocrx_word' id='word_1_52' title='bbox 245 540 388 596; x_wconf 81' lang='lat' dir='ltr'><strong>Esaolien</strong></span> <span class='ocrx_word' id='word_1_53' title='bbox 401 538 470 594; x_wconf 83' lang='lat' dir='ltr'><strong>uuelt</strong></span> <span class='ocrx_word' id='word_1_54' title='bbox 492 535 536 590; x_wconf 86' lang='lat' dir='ltr'><strong>die</strong></span> <span class='ocrx_word' id='word_1_55' title='bbox 558 533 687 588; x_wconf 86' lang='lat' dir='ltr'><strong>noterien</strong></span> <span class='ocrx_word' id='word_1_56' title='bbox 705 533 890 590; x_wconf 82' lang='lat' dir='ltr'><strong>insonderltet&#39;t</strong></span> <span class='ocrx_word' id='word_1_57' title='bbox 910 539 994 610; x_wconf 75' lang='lat' dir='ltr'><strong>Serge</strong></span> 
     </span>
     <span class='ocr_line' id='line_1_7' title="bbox 179 620 993 696; baseline -0.004 -14"><span class='ocrx_word' id='word_1_58' title='bbox 179 627 239 682; x_wconf 79' lang='lat' dir='ltr'><strong>uttd</strong></span> <span class='ocrx_word' id='word_1_59' title='bbox 254 624 344 680; x_wconf 79' lang='lat' dir='ltr'><strong>Fleiss</strong></span> <span class='ocrx_word' id='word_1_60' title='bbox 360 634 456 696; x_wconf 78' lang='lat' dir='ltr'><strong>trugetr</strong></span> <span class='ocrx_word' id='word_1_61' title='bbox 478 622 508 676; x_wconf 86' lang='lat' dir='ltr'><strong>r’n</strong></span> <span class='ocrx_word' id='word_1_62' title='bbox 529 621 729 687; x_wconf 79' lang='lat' dir='ltr'><strong>Besclrreibung</strong></span> <span class='ocrx_word' id='word_1_63' title='bbox 749 620 797 674; x_wconf 81' lang='lat' dir='ltr'><strong>der</strong></span> <span class='ocrx_word' id='word_1_64' title='bbox 816 631 993 679; x_wconf 67' lang='lat' dir='ltr'><strong>noromenten</strong></span> 
     </span>
    </p>
   </div>
   <div class='ocr_carea' id='block_1_5' title="bbox 1049 534 1917 694">
    <p class='ocr_par' dir='ltr' id='par_1_5' title="bbox 1049 534 1917 694">
     <span class='ocr_line' id='line_1_8' title="bbox 1049 534 1917 616; baseline 0.021 -30"><span class='ocrx_word' id='word_1_65' title='bbox 1049 534 1114 588; x_wconf 83' lang='lat' dir='ltr'><strong>Cum</strong></span> <span class='ocrx_word' id='word_1_66' title='bbox 1134 554 1192 590; x_wconf 80' lang='lat' dir='ltr'><strong>nero</strong></span> <span class='ocrx_word' id='word_1_67' title='bbox 1210 539 1273 594; x_wconf 85' lang='lat' dir='ltr'><strong>dura</strong></span> <span class='ocrx_word' id='word_1_68' title='bbox 1290 551 1380 596; x_wconf 89' lang='lat' dir='ltr'><strong>eontra</strong></span> <span class='ocrx_word' id='word_1_69' title='bbox 1399 554 1497 614; x_wconf 89' lang='lat' dir='ltr'><strong>patrem</strong></span> <span class='ocrx_word' id='word_1_70' title='bbox 1523 543 1640 600; x_wconf 84' lang='lat' dir='ltr'><strong>rideatur</strong></span> <span class='ocrx_word' id='word_1_71' title='bbox 1667 549 1771 616; x_wconf 85' lang='lat' dir='ltr'><strong>querela</strong></span> <span class='ocrx_word' id='word_1_72' title='bbox 1796 547 1864 602; x_wconf 82' lang='lat' dir='ltr'><strong>inei·</strong></span> <span class='ocrx_word' id='word_1_73' title='bbox 1881 557 1917 613; x_wconf 73' lang='lat' dir='ltr'><strong>si</strong></span> 
     </span>
     <span class='ocr_line' id='line_1_9' title="bbox 1049 613 1866 694; baseline 0.024 -26"><span class='ocrx_word' id='word_1_74' title='bbox 1049 613 1150 684; x_wconf 76' lang='lat' dir='ltr'><strong>licinii,</strong></span> <span class='ocrx_word' id='word_1_75' title='bbox 1170 619 1233 676; x_wconf 87' lang='lat' dir='ltr'><strong>inde</strong></span> <span class='ocrx_word' id='word_1_76' title='bbox 1251 641 1284 678; x_wconf 91' lang='lat' dir='ltr'><strong>ne</strong></span> <span class='ocrx_word' id='word_1_77' title='bbox 1304 635 1400 680; x_wconf 88' lang='lat' dir='ltr'><strong>temere</strong></span> <span class='ocrx_word' id='word_1_78' title='bbox 1418 639 1570 694; x_wconf 81' lang='lat' dir='ltr'><strong>moveatur,</strong></span> <span class='ocrx_word' id='word_1_79' title='bbox 1589 629 1652 682; x_wconf 88' lang='lat' dir='ltr'><strong>baec</strong></span> <span class='ocrx_word' id='word_1_80' title='bbox 1664 625 1722 684; x_wconf 84' lang='lat' dir='ltr'><strong>filio</strong></span> <span class='ocrx_word' id='word_1_81' title='bbox 1734 631 1793 686; x_wconf 83' lang='lat' dir='ltr'><strong>sine</strong></span> <span class='ocrx_word' id='word_1_82' title='bbox 1806 649 1866 687; x_wconf 89' lang='lat' dir='ltr'><strong>eau-</strong></span> 
     </span>
    </p>
   </div>
   <div class='ocr_carea' id='block_1_6' title="bbox 125 704 1866 785">
    <p class='ocr_par' dir='ltr' id='par_1_6' title="bbox 125 704 1866 785">
     <span class='ocr_line' id='line_1_10' title="bbox 125 704 1866 785; baseline 0.009 -27"><span class='ocrx_word' id='word_1_83' title='bbox 125 723 160 775; x_wconf 72' lang='lat'><strong>75</strong></span> <span class='ocrx_word' id='word_1_84' title='bbox 178 710 345 768; x_wconf 60' lang='lat' dir='ltr'><strong>andieraterr</strong></span> <span class='ocrx_word' id='word_1_85' title='bbox 364 707 472 764; x_wconf 81' lang='lat' dir='ltr'><strong>Walters.</strong></span> <span class='ocrx_word' id='word_1_86' title='bbox 491 705 635 776; x_wconf 72' lang='lat' dir='ltr'><strong>Quaeritur</strong></span> <span class='ocrx_word' id='word_1_87' title='bbox 652 704 753 774; x_wconf 89' lang='lat' dir='ltr'><strong>itaque,</strong></span> <span class='ocrx_word' id='word_1_88' title='bbox 773 723 806 757; x_wconf 84' lang='lat' dir='ltr'><strong>ao</strong></span> <span class='ocrx_word' id='word_1_89' title='bbox 820 706 939 759; x_wconf 68' lang='lat' dir='ltr'><strong>notorius</strong></span> <span class='ocrx_word' id='word_1_90' title='bbox 953 706 995 760; x_wconf 73' lang='lat' dir='ltr'><strong>iu.</strong></span> <span class='ocrx_word' id='word_1_91' title='bbox 1048 718 1076 754; x_wconf 84' lang='lat' dir='ltr'><strong>sa</strong></span> <span class='ocrx_word' id='word_1_92' title='bbox 1094 705 1242 772; x_wconf 76' lang='lat' dir='ltr'>querelanti</span> <span class='ocrx_word' id='word_1_93' title='bbox 1261 709 1379 777; x_wconf 86' lang='lat' dir='ltr'><strong>injuncta</strong></span> <span class='ocrx_word' id='word_1_94' title='bbox 1399 730 1498 785; x_wconf 78' lang='grc' dir='ltr'>ροιιιι,</span> <span class='ocrx_word' id='word_1_95' title='bbox 1516 723 1547 768; x_wconf 91' lang='grc' dir='ltr'><strong>ιιι</strong></span> <span class='ocrx_word' id='word_1_96' title='bbox 1569 712 1594 767; x_wconf 89' lang='lat' dir='ltr'><strong>si</strong></span> <span class='ocrx_word' id='word_1_97' title='bbox 1612 713 1789 772; x_wconf 84' lang='lat' dir='ltr'><strong>inofficiosum</strong></span> <span class='ocrx_word' id='word_1_98' title='bbox 1809 733 1866 774; x_wconf 86' lang='lat' dir='ltr'><strong>este</strong></span> 
     </span>
    </p>
   </div>
   <div class='ocr_carea' id='block_1_7' title="bbox 122 787 999 1532">
    <p class='ocr_par' dir='ltr' id='par_1_7' title="bbox 122 787 999 1532">
     <span class='ocr_line' id='line_1_11' title="bbox 173 787 995 861; baseline -0.005 -15"><span class='ocrx_word' id='word_1_99' title='bbox 173 791 305 848; x_wconf 84' lang='lat' dir='ltr'><strong>distinete</strong></span> <span class='ocrx_word' id='word_1_100' title='bbox 321 788 444 861; x_wconf 85' lang='lat' dir='ltr'><strong>compelli</strong></span> <span class='ocrx_word' id='word_1_101' title='bbox 456 788 554 859; x_wconf 87' lang='lat' dir='ltr'><strong>possit,</strong></span> <span class='ocrx_word' id='word_1_102' title='bbox 568 797 598 840; x_wconf 89' lang='grc' dir='ltr'><strong>ιιι</strong></span> <span class='ocrx_word' id='word_1_103' title='bbox 610 796 796 840; x_wconf 87' lang='lat' dir='ltr'><strong>testamentum</strong></span> <span class='ocrx_word' id='word_1_104' title='bbox 808 787 840 841; x_wconf 91' lang='lat' dir='ltr'><strong>ad</strong></span> <span class='ocrx_word' id='word_1_105' title='bbox 854 789 995 843; x_wconf 72' lang='lat' dir='ltr'><strong>arbitrium</strong></span> 
     </span>
     <span class='ocr_line' id='line_1_12' title="bbox 178 870 995 942; baseline -0.007 -8"><span class='ocrx_word' id='word_1_106' title='bbox 178 874 314 934; x_wconf 72' lang='lat' dir='ltr'><strong>aarum</strong></span> <span class='ocrx_word' id='word_1_107' title='bbox 331 871 498 937; x_wconf 83' lang='lat' dir='ltr'><strong>conscribat,</strong></span> <span class='ocrx_word' id='word_1_108' title='bbox 517 872 539 926; x_wconf 88' lang='lat' dir='ltr'><strong>si</strong></span> <span class='ocrx_word' id='word_1_109' title='bbox 559 870 629 926; x_wconf 88' lang='lat' dir='ltr'><strong>lorte</strong></span> <span class='ocrx_word' id='word_1_110' title='bbox 646 871 691 924; x_wconf 91' lang='lat' dir='ltr'><strong>bie</strong></span> <span class='ocrx_word' id='word_1_111' title='bbox 707 872 814 942; x_wconf 78' lang='lat' dir='ltr'><strong>exiget,</strong></span> <span class='ocrx_word' id='word_1_112' title='bbox 833 883 862 926; x_wconf 92' lang='lat' dir='ltr'><strong>ot</strong></span> <span class='ocrx_word' id='word_1_113' title='bbox 886 873 936 926; x_wconf 90' lang='lat' dir='ltr'><strong>boc</strong></span> <span class='ocrx_word' id='word_1_114' title='bbox 954 875 995 928; x_wconf 90' lang='lat' dir='ltr'><strong>in·</strong></span> 
     </span>
     <span class='ocr_line' id='line_1_13' title="bbox 179 954 994 1030; baseline -0.002 -15"><span class='ocrx_word' id='word_1_115' title='bbox 179 969 300 1022; x_wconf 82' lang='lat' dir='ltr'><strong>seratur,</strong></span> <span class='ocrx_word' id='word_1_116' title='bbox 317 957 387 1030; x_wconf 83' lang='lat' dir='ltr'><strong>qued</strong></span> <span class='ocrx_word' id='word_1_117' title='bbox 403 955 459 1027; x_wconf 90' lang='lat' dir='ltr'><strong>juri</strong></span> <span class='ocrx_word' id='word_1_118' title='bbox 477 954 639 1009; x_wconf 82' lang='lat' dir='ltr'><strong>adversum?</strong></span> <span class='ocrx_word' id='word_1_119' title='bbox 655 954 690 1008; x_wconf 85' lang='lat' dir='ltr'><strong>lit</strong></span> <span class='ocrx_word' id='word_1_120' title='bbox 702 954 838 1010; x_wconf 81' lang='lat' dir='ltr'><strong>ridebatur</strong></span> <span class='ocrx_word' id='word_1_121' title='bbox 858 958 905 1010; x_wconf 92' lang='lat' dir='ltr'><strong>boe</strong></span> <span class='ocrx_word' id='word_1_122' title='bbox 918 956 994 1013; x_wconf 79' lang='lat' dir='ltr'><strong>affir-</strong></span> 
     </span>
     <span class='ocr_line' id='line_1_14' title="bbox 179 1038 996 1114; baseline -0.005 -14"><span class='ocrx_word' id='word_1_123' title='bbox 179 1042 325 1112; x_wconf 84' lang='lat' dir='ltr'><strong>mandum,</strong></span> <span class='ocrx_word' id='word_1_124' title='bbox 342 1060 403 1098; x_wconf 87' lang='lat' dir='ltr'><strong>eum</strong></span> <span class='ocrx_word' id='word_1_125' title='bbox 421 1039 519 1096; x_wconf 86' lang='lat' dir='ltr'><strong>notarii</strong></span> <span class='ocrx_word' id='word_1_126' title='bbox 538 1038 660 1112; x_wconf 82' lang='lat' dir='ltr'><strong>compelli</strong></span> <span class='ocrx_word' id='word_1_127' title='bbox 675 1039 791 1110; x_wconf 82' lang='lat' dir='ltr'><strong>possint,</strong></span> <span class='ocrx_word' id='word_1_128' title='bbox 810 1051 840 1096; x_wconf 90' lang='lat' dir='ltr'><strong>nt</strong></span> <span class='ocrx_word' id='word_1_129' title='bbox 857 1042 890 1094; x_wconf 88' lang='lat' dir='ltr'><strong>ad</strong></span> <span class='ocrx_word' id='word_1_130' title='bbox 909 1045 996 1114; x_wconf 85' lang='lat' dir='ltr'><strong>requi-</strong></span> 
     </span>
     <span class='ocr_line' id='line_1_15' title="bbox 182 1124 995 1199; baseline 0 -17"><span class='ocrx_word' id='word_1_131' title='bbox 182 1129 310 1186; x_wconf 81' lang='lat' dir='ltr'><strong>sitionem</strong></span> <span class='ocrx_word' id='word_1_132' title='bbox 328 1145 425 1199; x_wconf 87' lang='lat' dir='ltr'><strong>operas</strong></span> <span class='ocrx_word' id='word_1_133' title='bbox 443 1143 502 1179; x_wconf 86' lang='lat' dir='ltr'><strong>suas</strong></span> <span class='ocrx_word' id='word_1_134' title='bbox 520 1134 673 1195; x_wconf 89' lang='lat' dir='ltr'><strong>praestent,</strong></span> <span class='ocrx_word' id='word_1_135' title='bbox 690 1124 758 1180; x_wconf 88' lang='lat' dir='ltr'><strong>ende</strong></span> <span class='ocrx_word' id='word_1_136' title='bbox 779 1127 897 1181; x_wconf 88' lang='lat' dir='ltr'><strong>notarios</strong></span> <span class='ocrx_word' id='word_1_137' title='bbox 924 1145 995 1182; x_wconf 86' lang='lat' dir='ltr'><strong>recn-</strong></span> 
     </span>
     <span class='ocr_line' id='line_1_16' title="bbox 181 1207 997 1280; baseline -0.006 -11"><span class='ocrx_word' id='word_1_138' title='bbox 181 1231 241 1270; x_wconf 85' lang='lat' dir='ltr'><strong>aens</strong></span> <span class='ocrx_word' id='word_1_139' title='bbox 260 1212 347 1268; x_wconf 81' lang='lat' dir='ltr'><strong>iacere</strong></span> <span class='ocrx_word' id='word_1_140' title='bbox 365 1212 575 1265; x_wconf 71' lang='lat' dir='ltr'><strong>instrumentum</strong></span> <span class='ocrx_word' id='word_1_141' title='bbox 596 1207 769 1279; x_wconf 89' lang='lat' dir='ltr'><strong>petentibus,</strong></span> <span class='ocrx_word' id='word_1_142' title='bbox 793 1213 916 1280; x_wconf 71' lang='lat' dir='ltr'><strong>periurus</strong></span> <span class='ocrx_word' id='word_1_143' title='bbox 939 1222 997 1276; x_wconf 86' lang='lat' dir='ltr'><strong>est,</strong></span> 
     </span>
     <span class='ocr_line' id='line_1_17' title="bbox 180 1293 997 1370; baseline 0 -21"><span class='ocrx_word' id='word_1_144' title='bbox 180 1309 209 1354; x_wconf 83' lang='lat' dir='ltr'><strong>ei.</strong></span> <span class='ocrx_word' id='word_1_145' title='bbox 226 1307 313 1370; x_wconf 81' lang='lat' dir='ltr'><strong>potest</strong></span> <span class='ocrx_word' id='word_1_146' title='bbox 328 1293 422 1354; x_wconf 73' lang='lat' dir='ltr'><strong>officio</strong></span> <span class='ocrx_word' id='word_1_147' title='bbox 440 1295 548 1367; x_wconf 75' lang='lat' dir='ltr'><strong>privari.</strong></span> <span class='ocrx_word' id='word_1_148' title='bbox 567 1294 715 1348; x_wconf 79' lang='lat' dir='ltr'><strong>Rimitiald.</strong></span> <span class='ocrx_word' id='word_1_149' title='bbox 733 1312 807 1347; x_wconf 81' lang='lat' dir='ltr'><strong>cortr-</strong></span> <span class='ocrx_word' id='word_1_150' title='bbox 819 1294 881 1348; x_wconf 74' lang='lat' dir='ltr'><strong>2d2.</strong></span> <span class='ocrx_word' id='word_1_151' title='bbox 893 1313 919 1347; x_wconf 92' lang='grc' dir='ltr'><strong>ιι.</strong></span> <span class='ocrx_word' id='word_1_152' title='bbox 935 1297 997 1350; x_wconf 82' lang='grc'><strong>131.</strong></span> 
     </span>
     <span class='ocr_line' id='line_1_18' title="bbox 122 1377 998 1448; baseline -0.006 -11"><span class='ocrx_word' id='word_1_153' title='bbox 122 1407 125 1414; x_wconf 63' lang='grc'>’</span> <span class='ocrx_word' id='word_1_154' title='bbox 186 1387 285 1440; x_wconf 76' lang='lat' dir='ltr'><strong>Verum</strong></span> <span class='ocrx_word' id='word_1_155' title='bbox 305 1379 511 1448; x_wconf 74' lang='lat' dir='ltr'><strong>intelligendum</strong></span> <span class='ocrx_word' id='word_1_156' title='bbox 524 1377 573 1430; x_wconf 93' lang='lat' dir='ltr'><strong>boe</strong></span> <span class='ocrx_word' id='word_1_157' title='bbox 585 1377 688 1448; x_wconf 86' lang='lat' dir='ltr'><strong>ipsum,</strong></span> <span class='ocrx_word' id='word_1_158' title='bbox 702 1377 779 1432; x_wconf 89' lang='lat' dir='ltr'><strong>modo</strong></span> <span class='ocrx_word' id='word_1_159' title='bbox 799 1377 932 1446; x_wconf 81' lang='lat' dir='ltr'><strong>negotium</strong></span> <span class='ocrx_word' id='word_1_160' title='bbox 945 1380 998 1447; x_wconf 79' lang='lat' dir='ltr'><strong>iuri</strong></span> 
     </span>
     <span class='ocr_line' id='line_1_19' title="bbox 133 1453 999 1532; baseline -0.014 -8"><span class='ocrx_word' id='word_1_161' title='bbox 133 1453 166 1504; x_wconf 72' lang='lat'><strong>7⁶</strong></span> <span class='ocrx_word' id='word_1_162' title='bbox 184 1468 333 1524; x_wconf 80' lang='lat' dir='ltr'><strong>eont‘ornaer</strong></span> <span class='ocrx_word' id='word_1_163' title='bbox 351 1465 375 1521; x_wconf 88' lang='lat' dir='ltr'><strong>si</strong></span> <span class='ocrx_word' id='word_1_164' title='bbox 393 1463 465 1518; x_wconf 91' lang='lat' dir='ltr'><strong>enim</strong></span> <span class='ocrx_word' id='word_1_165' title='bbox 485 1461 584 1526; x_wconf 88' lang='lat' dir='ltr'><strong>rideat,</strong></span> <span class='ocrx_word' id='word_1_166' title='bbox 603 1459 671 1512; x_wconf 86' lang='lat' dir='ltr'><strong>illud</strong></span> <span class='ocrx_word' id='word_1_167' title='bbox 690 1460 759 1530; x_wconf 84' lang='lat' dir='ltr'><strong>quod</strong></span> <span class='ocrx_word' id='word_1_168' title='bbox 777 1462 810 1513; x_wconf 90' lang='lat' dir='ltr'><strong>ab</strong></span> <span class='ocrx_word' id='word_1_169' title='bbox 828 1461 888 1530; x_wconf 90' lang='lat' dir='ltr'><strong>ipso</strong></span> <span class='ocrx_word' id='word_1_170' title='bbox 914 1463 999 1532; x_wconf 74' lang='lat' dir='ltr'><strong>exigi-</strong></span> 
     </span>
    </p>
   </div>
   <div class='ocr_carea' id='block_1_8' title="bbox 1050 793 1923 1539">
    <p class='ocr_par' dir='ltr' id='par_1_8' title="bbox 1050 793 1923 1539">
     <span class='ocr_line' id='line_1_20' title="bbox 1050 793 1866 871; baseline 0.026 -35"><span class='ocrx_word' id='word_1_171' title='bbox 1050 793 1235 844; x_wconf 82' lang='lat' dir='ltr'><strong>iestamentnm</strong></span> <span class='ocrx_word' id='word_1_172' title='bbox 1248 794 1358 863; x_wconf 84' lang='lat' dir='ltr'><strong>probare</strong></span> <span class='ocrx_word' id='word_1_173' title='bbox 1370 807 1496 866; x_wconf 89' lang='lat' dir='ltr'><strong>nequeat,</strong></span> <span class='ocrx_word' id='word_1_174' title='bbox 1508 800 1611 856; x_wconf 85' lang='lat' dir='ltr'><strong>amiitat</strong></span> <span class='ocrx_word' id='word_1_175' title='bbox 1623 801 1737 871; x_wconf 72' lang='lat' dir='ltr'><strong>legatum</strong></span> <span class='ocrx_word' id='word_1_176' title='bbox 1750 811 1775 854; x_wconf 89' lang='lat' dir='ltr'><strong>ei</strong></span> <span class='ocrx_word' id='word_1_177' title='bbox 1788 819 1866 857; x_wconf 88' lang='lat' dir='ltr'><strong>omne</strong></span> 
     </span>
     <span class='ocr_line' id='line_1_21' title="bbox 1050 869 1864 955; baseline 0.022 -33"><span class='ocrx_word' id='word_1_178' title='bbox 1050 869 1139 938; x_wconf 87' lang='lat' dir='ltr'><strong>aliud,</strong></span> <span class='ocrx_word' id='word_1_179' title='bbox 1157 875 1226 943; x_wconf 88' lang='lat' dir='ltr'><strong>quod</strong></span> <span class='ocrx_word' id='word_1_180' title='bbox 1245 877 1296 930; x_wconf 89' lang='lat' dir='ltr'><strong>sibi</strong></span> <span class='ocrx_word' id='word_1_181' title='bbox 1315 877 1346 932; x_wconf 88' lang='lat' dir='ltr'><strong>in</strong></span> <span class='ocrx_word' id='word_1_182' title='bbox 1366 889 1551 937; x_wconf 69' lang='lat' dir='ltr'><strong>testimenium</strong></span> <span class='ocrx_word' id='word_1_183' title='bbox 1564 884 1702 952; x_wconf 88' lang='lat' dir='ltr'><strong>relietum,</strong></span> <span class='ocrx_word' id='word_1_184' title='bbox 1717 902 1765 955; x_wconf 89' lang='lat' dir='ltr'><strong>per</strong></span> <span class='ocrx_word' id='word_1_185' title='bbox 1784 882 1864 940; x_wconf 84' lang='lat' dir='ltr'><strong>lamo·</strong></span> 
     </span>
     <span class='ocr_line' id='line_1_22' title="bbox 1051 957 1869 1039; baseline 0.02 -31"><span class='ocrx_word' id='word_1_186' title='bbox 1051 971 1106 1008; x_wconf 86' lang='lat' dir='ltr'><strong>sam</strong></span> <span class='ocrx_word' id='word_1_187' title='bbox 1125 957 1142 1009; x_wconf 86' lang='lat' dir='ltr'><strong>l.</strong></span> <span class='ocrx_word' id='word_1_188' title='bbox 1162 977 1222 1014; x_wconf 87' lang='lat' dir='ltr'><strong>eum</strong></span> <span class='ocrx_word' id='word_1_189' title='bbox 1242 961 1426 1032; x_wconf 83' lang='lat' dir='ltr'><strong>Papinianus.</strong></span> <span class='ocrx_word' id='word_1_190' title='bbox 1440 965 1472 1018; x_wconf 65' lang='lat'><strong>8:</strong></span> <span class='ocrx_word' id='word_1_191' title='bbox 1487 972 1509 1030; x_wconf 75' lang='grc'><strong>5.</strong></span> <span class='ocrx_word' id='word_1_192' title='bbox 1528 967 1689 1024; x_wconf 76' lang='lat' dir='ltr'><strong>meminisse.</strong></span> <span class='ocrx_word' id='word_1_193' title='bbox 1715 968 1758 1021; x_wconf 91' lang='grc'><strong>14.</strong></span> <span class='ocrx_word' id='word_1_194' title='bbox 1770 966 1810 1039; x_wconf 79' lang='lat' dir='ltr'><em>ff</em></span> <span class='ocrx_word' id='word_1_195' title='bbox 1835 969 1869 1024; x_wconf 80' lang='lat' dir='ltr'><strong>de</strong></span> 
     </span>
     <span class='ocr_line' id='line_1_23' title="bbox 1051 1037 1921 1124; baseline 0.023 -34"><span class='ocrx_word' id='word_1_196' title='bbox 1051 1037 1133 1108; x_wconf 70' lang='lat' dir='ltr'><strong>inoffi</strong></span> <span class='ocrx_word' id='word_1_197' title='bbox 1150 1051 1207 1096; x_wconf 88' lang='lat' dir='ltr'><strong>test.</strong></span> <span class='ocrx_word' id='word_1_198' title='bbox 1226 1044 1299 1113; x_wconf 80' lang='lat' dir='ltr'><strong>Quae</strong></span> <span class='ocrx_word' id='word_1_199' title='bbox 1317 1065 1400 1117; x_wconf 87' lang='lat' dir='ltr'><strong>poena</strong></span> <span class='ocrx_word' id='word_1_200' title='bbox 1418 1047 1447 1102; x_wconf 90' lang='lat' dir='ltr'><strong>in</strong></span> <span class='ocrx_word' id='word_1_201' title='bbox 1464 1049 1538 1104; x_wconf 87' lang='lat' dir='ltr'><strong>omni</strong></span> <span class='ocrx_word' id='word_1_202' title='bbox 1556 1049 1608 1104; x_wconf 88' lang='lat' dir='ltr'><strong>alio</strong></span> <span class='ocrx_word' id='word_1_203' title='bbox 1624 1052 1737 1120; x_wconf 86' lang='lat' dir='ltr'><strong>obtinet,</strong></span> <span class='ocrx_word' id='word_1_204' title='bbox 1764 1051 1810 1124; x_wconf 89' lang='lat' dir='ltr'><strong>qui</strong></span> <span class='ocrx_word' id='word_1_205' title='bbox 1830 1062 1867 1108; x_wconf 87' lang='lat' dir='ltr'><strong>te·</strong></span> <span class='ocrx_word' id='word_1_206' title='bbox 1886 1054 1921 1110; x_wconf 80' lang='grc'><strong>66</strong></span> 
     </span>
     <span class='ocr_line' id='line_1_24' title="bbox 1056 1127 1869 1205; baseline 0.022 -32"><span class='ocrx_word' id='word_1_207' title='bbox 1056 1130 1216 1178; x_wconf 77' lang='lat' dir='ltr'><strong>aramentum</strong></span> <span class='ocrx_word' id='word_1_208' title='bbox 1244 1127 1401 1198; x_wconf 77' lang='lat' dir='ltr'><strong>impugnare</strong></span> <span class='ocrx_word' id='word_1_209' title='bbox 1424 1130 1568 1200; x_wconf 86' lang='lat' dir='ltr'><strong>innititur,</strong></span> <span class='ocrx_word' id='word_1_210' title='bbox 1593 1143 1623 1186; x_wconf 90' lang='lat' dir='ltr'><strong>nt</strong></span> <span class='ocrx_word' id='word_1_211' title='bbox 1652 1133 1774 1202; x_wconf 85' lang='lat' dir='ltr'><strong>amittat,</strong></span> <span class='ocrx_word' id='word_1_212' title='bbox 1798 1134 1869 1205; x_wconf 87' lang='lat' dir='ltr'><strong>quod</strong></span> 
     </span>
     <span class='ocr_line' id='line_1_25' title="bbox 1051 1205 1871 1288; baseline 0.017 -30"><span class='ocrx_word' id='word_1_213' title='bbox 1051 1205 1105 1258; x_wconf 89' lang='lat' dir='ltr'><strong>sibi</strong></span> <span class='ocrx_word' id='word_1_214' title='bbox 1119 1207 1149 1260; x_wconf 92' lang='lat' dir='ltr'><strong>in</strong></span> <span class='ocrx_word' id='word_1_215' title='bbox 1162 1217 1317 1266; x_wconf 88' lang='lat' dir='ltr'><strong>testamento</strong></span> <span class='ocrx_word' id='word_1_216' title='bbox 1335 1214 1456 1268; x_wconf 87' lang='lat' dir='ltr'><strong>relictum</strong></span> <span class='ocrx_word' id='word_1_217' title='bbox 1464 1233 1476 1279; x_wconf 88' lang='lat'><strong>,·</strong></span> <span class='ocrx_word' id='word_1_218' title='bbox 1492 1232 1569 1272; x_wconf 89' lang='lat' dir='ltr'><strong>exeo</strong></span> <span class='ocrx_word' id='word_1_219' title='bbox 1583 1215 1655 1270; x_wconf 91' lang='lat' dir='ltr'><strong>enim</strong></span> <span class='ocrx_word' id='word_1_220' title='bbox 1666 1217 1735 1288; x_wconf 82' lang='lat' dir='ltr'><strong>quod</strong></span> <span class='ocrx_word' id='word_1_221' title='bbox 1747 1216 1808 1288; x_wconf 86' lang='lat' dir='ltr'><strong>quis</strong></span> <span class='ocrx_word' id='word_1_222' title='bbox 1820 1217 1871 1272; x_wconf 87' lang='lat' dir='ltr'><strong>im·</strong></span> 
     </span>
     <span class='ocr_line' id='line_1_26' title="bbox 1052 1294 1870 1357; baseline 0.021 -18"><span class='ocrx_word' id='word_1_223' title='bbox 1052 1301 1167 1357; x_wconf 82' lang='lat' dir='ltr'><strong>pugnat,</strong></span> <span class='ocrx_word' id='word_1_224' title='bbox 1193 1309 1247 1345; x_wconf 86' lang='lat' dir='ltr'><strong>oon</strong></span> <span class='ocrx_word' id='word_1_225' title='bbox 1273 1294 1349 1348; x_wconf 86' lang='lat' dir='ltr'><strong>debet</strong></span> <span class='ocrx_word' id='word_1_226' title='bbox 1373 1297 1470 1352; x_wconf 90' lang='lat' dir='ltr'><strong>babere</strong></span> <span class='ocrx_word' id='word_1_227' title='bbox 1495 1301 1672 1354; x_wconf 87' lang='lat' dir='ltr'><strong>commodum.</strong></span> <span class='ocrx_word' id='word_1_228' title='bbox 1697 1317 1758 1354; x_wconf 84' lang='lat' dir='ltr'><strong>een.</strong></span> <span class='ocrx_word' id='word_1_229' title='bbox 1784 1320 1821 1355; x_wconf 77' lang='lat' dir='ltr'><strong>ere</strong></span> <span class='ocrx_word' id='word_1_230' title='bbox 1838 1319 1870 1356; x_wconf 87' lang='lat' dir='ltr'><strong>eo</strong></span> 
     </span>
     <span class='ocr_line' id='line_1_27' title="bbox 1052 1371 1923 1456; baseline 0.021 -33"><span class='ocrx_word' id='word_1_231' title='bbox 1052 1371 1131 1440; x_wconf 78' lang='lat' dir='ltr'><strong>qnod.</strong></span> <span class='ocrx_word' id='word_1_232' title='bbox 1146 1374 1188 1426; x_wconf 82' lang='lat'><strong>38.</strong></span> <span class='ocrx_word' id='word_1_233' title='bbox 1202 1373 1234 1428; x_wconf 83' lang='lat' dir='ltr'><strong>de</strong></span> <span class='ocrx_word' id='word_1_234' title='bbox 1246 1391 1300 1445; x_wconf 75' lang='lat' dir='ltr'><strong>reg.</strong></span> <span class='ocrx_word' id='word_1_235' title='bbox 1309 1377 1366 1446; x_wconf 76' lang='lat' dir='ltr'><strong>jur.</strong></span> <span class='ocrx_word' id='word_1_236' title='bbox 1378 1379 1406 1433; x_wconf 88' lang='lat' dir='ltr'><strong>in</strong></span> <span class='ocrx_word' id='word_1_237' title='bbox 1421 1380 1474 1434; x_wconf 87' lang='lat' dir='ltr'><strong>tito.</strong></span> <span class='ocrx_word' id='word_1_238' title='bbox 1495 1381 1571 1438; x_wconf 86' lang='lat' dir='ltr'><strong>Sient</strong></span> <span class='ocrx_word' id='word_1_239' title='bbox 1588 1393 1613 1437; x_wconf 91' lang='lat' dir='ltr'><strong>et</strong></span> <span class='ocrx_word' id='word_1_240' title='bbox 1629 1400 1644 1437; x_wconf 93' lang='lat' dir='ltr'><strong>e</strong></span> <span class='ocrx_word' id='word_1_241' title='bbox 1662 1383 1804 1452; x_wconf 85' lang='lat' dir='ltr'><strong>eontrario,</strong></span> <span class='ocrx_word' id='word_1_242' title='bbox 1822 1387 1867 1456; x_wconf 91' lang='lat' dir='ltr'><strong>qui</strong></span> <span class='ocrx_word' id='word_1_243' title='bbox 1887 1374 1923 1428; x_wconf 75' lang='lat'><strong>⁸⁶</strong></span> 
     </span>
     <span class='ocr_line' id='line_1_28' title="bbox 1053 1461 1870 1539; baseline 0.017 -31"><span class='ocrx_word' id='word_1_244' title='bbox 1053 1463 1238 1510; x_wconf 84' lang='lat' dir='ltr'><strong>testamentum</strong></span> <span class='ocrx_word' id='word_1_245' title='bbox 1248 1461 1329 1513; x_wconf 87' lang='lat' dir='ltr'><strong>semel</strong></span> <span class='ocrx_word' id='word_1_246' title='bbox 1342 1462 1475 1532; x_wconf 85' lang='lat' dir='ltr'><strong>probarit,</strong></span> <span class='ocrx_word' id='word_1_247' title='bbox 1488 1465 1647 1534; x_wconf 74' lang='lat' dir='ltr'><strong>receptando</strong></span> <span class='ocrx_word' id='word_1_248' title='bbox 1664 1467 1786 1536; x_wconf 80' lang='lat' dir='ltr'><strong>legatum,</strong></span> <span class='ocrx_word' id='word_1_249' title='bbox 1801 1477 1870 1539; x_wconf 84' lang='lat' dir='ltr'><strong>port-</strong></span> 
     </span>
    </p>
   </div>
   <div class='ocr_carea' id='block_1_9' title="bbox 185 1540 1927 1706">
    <p class='ocr_par' dir='ltr' id='par_1_9' title="bbox 185 1540 1927 1706">
     <span class='ocr_line' id='line_1_29' title="bbox 185 1540 1871 1623; baseline -0.001 -20"><span class='ocrx_word' id='word_1_250' title='bbox 185 1563 240 1618; x_wconf 86' lang='lat' dir='ltr'><strong>iur,</strong></span> <span class='ocrx_word' id='word_1_251' title='bbox 255 1551 310 1621; x_wconf 85' lang='lat' dir='ltr'><strong>juri</strong></span> <span class='ocrx_word' id='word_1_252' title='bbox 328 1547 489 1608; x_wconf 85' lang='lat' dir='ltr'><strong>eontrarium</strong></span> <span class='ocrx_word' id='word_1_253' title='bbox 508 1560 581 1606; x_wconf 87' lang='lat' dir='ltr'><strong>esse,</strong></span> <span class='ocrx_word' id='word_1_254' title='bbox 600 1540 721 1598; x_wconf 82' lang='lat' dir='ltr'><strong>officium</strong></span> <span class='ocrx_word' id='word_1_255' title='bbox 740 1561 816 1596; x_wconf 87' lang='lat' dir='ltr'><strong>suum</strong></span> <span class='ocrx_word' id='word_1_256' title='bbox 842 1561 897 1598; x_wconf 91' lang='lat' dir='ltr'><strong>non</strong></span> <span class='ocrx_word' id='word_1_257' title='bbox 920 1543 1000 1599; x_wconf 87' lang='lat' dir='ltr'><strong>debet</strong></span> <span class='ocrx_word' id='word_1_258' title='bbox 1051 1557 1081 1594; x_wconf 83' lang='lat' dir='ltr'><strong>ea</strong></span> <span class='ocrx_word' id='word_1_259' title='bbox 1099 1541 1167 1594; x_wconf 87' lang='lat' dir='ltr'><strong>illud</strong></span> <span class='ocrx_word' id='word_1_260' title='bbox 1184 1543 1337 1613; x_wconf 78' lang='lat' dir='ltr'><strong>impugnare</strong></span> <span class='ocrx_word' id='word_1_261' title='bbox 1360 1563 1412 1599; x_wconf 89' lang='lat' dir='ltr'><strong>non</strong></span> <span class='ocrx_word' id='word_1_262' title='bbox 1434 1548 1507 1604; x_wconf 87' lang='lat' dir='ltr'><strong>ralet.</strong></span> <span class='ocrx_word' id='word_1_263' title='bbox 1529 1549 1548 1600; x_wconf 86' lang='lat' dir='ltr'><strong>l.</strong></span> <span class='ocrx_word' id='word_1_264' title='bbox 1563 1551 1606 1601; x_wconf 87' lang='grc'><strong>31.</strong></span> <span class='ocrx_word' id='word_1_265' title='bbox 1620 1558 1641 1615; x_wconf 83' lang='lat'><strong>§-</strong></span> <span class='ocrx_word' id='word_1_266' title='bbox 1661 1552 1686 1604; x_wconf 83' lang='lat'><strong>3.</strong></span> <span class='ocrx_word' id='word_1_267' title='bbox 1694 1547 1736 1618; x_wconf 73' lang='lat' dir='ltr'><em>ff</em></span> <span class='ocrx_word' id='word_1_268' title='bbox 1754 1551 1787 1604; x_wconf 82' lang='lat' dir='ltr'><strong>de</strong></span> <span class='ocrx_word' id='word_1_269' title='bbox 1798 1552 1871 1623; x_wconf 64' lang='lat' dir='ltr'><strong>ineff-</strong></span> 
     </span>
     <span class='ocr_line' id='line_1_30' title="bbox 187 1623 1927 1706; baseline 0.006 -26"><span class='ocrx_word' id='word_1_270' title='bbox 187 1635 374 1706; x_wconf 66' lang='lat' dir='ltr'><strong>interponere,</strong></span> <span class='ocrx_word' id='word_1_271' title='bbox 392 1647 427 1686; x_wconf 90' lang='lat' dir='ltr'><strong>ne</strong></span> <span class='ocrx_word' id='word_1_272' title='bbox 445 1645 477 1682; x_wconf 88' lang='lat' dir='ltr'><strong>ex</strong></span> <span class='ocrx_word' id='word_1_273' title='bbox 494 1627 621 1682; x_wconf 86' lang='lat' dir='ltr'><strong>ministro</strong></span> <span class='ocrx_word' id='word_1_274' title='bbox 640 1626 758 1696; x_wconf 85' lang='lat' dir='ltr'><strong>justitiae</strong></span> <span class='ocrx_word' id='word_1_275' title='bbox 780 1623 826 1684; x_wconf 85' lang='lat' dir='ltr'><strong>liat</strong></span> <span class='ocrx_word' id='word_1_276' title='bbox 850 1627 1000 1697; x_wconf 84' lang='lat' dir='ltr'><strong>injustitiae</strong></span> <span class='ocrx_word' id='word_1_277' title='bbox 1043 1623 1094 1694; x_wconf 83' lang='lat' dir='ltr'><strong>fic.</strong></span> <span class='ocrx_word' id='word_1_278' title='bbox 1112 1635 1215 1680; x_wconf 84' lang='lat' dir='ltr'><strong>tertam.</strong></span> <span class='ocrx_word' id='word_1_279' title='bbox 1242 1627 1386 1699; x_wconf 84' lang='lat' dir='ltr'><strong>Utrobique</strong></span> <span class='ocrx_word' id='word_1_280' title='bbox 1415 1642 1504 1686; x_wconf 87' lang='lat' dir='ltr'><strong>tamen</strong></span> <span class='ocrx_word' id='word_1_281' title='bbox 1528 1634 1668 1688; x_wconf 78' lang='lat' dir='ltr'><strong>notabilem</strong></span> <span class='ocrx_word' id='word_1_282' title='bbox 1693 1635 1872 1706; x_wconf 81' lang='lat' dir='ltr'><strong>exceptionem</strong></span> <span class='ocrx_word' id='word_1_283' title='bbox 1890 1624 1927 1675; x_wconf 73' lang='lat'><strong>⁸⁷</strong></span> 
     </span>
    </p>
   </div>
   <div class='ocr_carea' id='block_1_10' title="bbox 136 1716 1006 4797">
    <p class='ocr_par' dir='ltr' id='par_1_10' title="bbox 188 1716 354 1788">
     <span class='ocr_line' id='line_1_31' title="bbox 188 1716 354 1788; baseline -0.006 -18"><span class='ocrx_word' id='word_1_284' title='bbox 188 1716 354 1788; x_wconf 76' lang='lat' dir='ltr'><strong>mancipium.</strong></span> 
     </span>
    </p>

    <p class='ocr_par' dir='ltr' id='par_1_11' title="bbox 139 1792 1002 2298">
     <span class='ocr_line' id='line_1_32' title="bbox 139 1792 1002 1866; baseline -0.008 -11"><span class='ocrx_word' id='word_1_285' title='bbox 139 1807 174 1855; x_wconf 87' lang='grc'><strong>77</strong></span> <span class='ocrx_word' id='word_1_286' title='bbox 227 1802 303 1855; x_wconf 78' lang='lat' dir='ltr'><strong>Porro</strong></span> <span class='ocrx_word' id='word_1_287' title='bbox 320 1817 379 1854; x_wconf 91' lang='lat' dir='ltr'><strong>eum</strong></span> <span class='ocrx_word' id='word_1_288' title='bbox 393 1795 512 1853; x_wconf 75' lang='lat' dir='ltr'><strong>neurius</strong></span> <span class='ocrx_word' id='word_1_289' title='bbox 530 1793 674 1866; x_wconf 86' lang='lat' dir='ltr'><strong>requisitus</strong></span> <span class='ocrx_word' id='word_1_290' title='bbox 692 1812 726 1848; x_wconf 90' lang='lat' dir='ltr'><strong>ex</strong></span> <span class='ocrx_word' id='word_1_291' title='bbox 744 1794 900 1852; x_wconf 87' lang='lat' dir='ltr'><strong>necessitate</strong></span> <span class='ocrx_word' id='word_1_292' title='bbox 910 1792 1002 1850; x_wconf 80' lang='lat' dir='ltr'><strong>officii</strong></span> 
     </span>
     <span class='ocr_line' id='line_1_33' title="bbox 194 1879 1000 1955; baseline -0.006 -16"><span class='ocrx_word' id='word_1_293' title='bbox 194 1884 318 1954; x_wconf 64' lang='lat' dir='ltr'><strong>negotium</strong></span> <span class='ocrx_word' id='word_1_294' title='bbox 334 1884 387 1955; x_wconf 80' lang='lat' dir='ltr'><strong>juri</strong></span> <span class='ocrx_word' id='word_1_295' title='bbox 403 1879 541 1936; x_wconf 75' lang='lat' dir='ltr'><strong>molesme</strong></span> <span class='ocrx_word' id='word_1_296' title='bbox 559 1879 671 1934; x_wconf 77' lang='lat' dir='ltr'><strong>reddere</strong></span> <span class='ocrx_word' id='word_1_297' title='bbox 689 1881 796 1946; x_wconf 87' lang='lat' dir='ltr'><strong>debeat,</strong></span> <span class='ocrx_word' id='word_1_298' title='bbox 815 1880 881 1934; x_wconf 88' lang='lat' dir='ltr'><strong>inde</strong></span> <span class='ocrx_word' id='word_1_299' title='bbox 897 1884 1000 1952; x_wconf 84' lang='lat' dir='ltr'><strong>qnaeri-</strong></span> 
     </span>
     <span class='ocr_line' id='line_1_34' title="bbox 196 1961 1000 2038; baseline -0.006 -14"><span class='ocrx_word' id='word_1_300' title='bbox 196 1981 247 2038; x_wconf 89' lang='lat' dir='ltr'><strong>tur,</strong></span> <span class='ocrx_word' id='word_1_301' title='bbox 264 1988 297 2024; x_wconf 91' lang='lat' dir='ltr'><strong>an</strong></span> <span class='ocrx_word' id='word_1_302' title='bbox 315 1969 337 2022; x_wconf 92' lang='lat' dir='ltr'><strong>si</strong></span> <span class='ocrx_word' id='word_1_303' title='bbox 355 1967 497 2022; x_wconf 86' lang='lat' dir='ltr'><strong>olausniam</strong></span> <span class='ocrx_word' id='word_1_304' title='bbox 514 1961 692 2016; x_wconf 85' lang='lat' dir='ltr'><strong>codicillarem</strong></span> <span class='ocrx_word' id='word_1_305' title='bbox 710 1963 768 2016; x_wconf 89' lang='lat' dir='ltr'><strong>sine</strong></span> <span class='ocrx_word' id='word_1_306' title='bbox 793 1964 900 2034; x_wconf 86' lang='lat' dir='ltr'><strong>speciali</strong></span> <span class='ocrx_word' id='word_1_307' title='bbox 926 1982 1000 2019; x_wconf 91' lang='lat' dir='ltr'><strong>man·</strong></span> 
     </span>
     <span class='ocr_line' id='line_1_35' title="bbox 193 2045 1002 2118; baseline -0.007 -8"><span class='ocrx_word' id='word_1_308' title='bbox 193 2058 248 2110; x_wconf 89' lang='lat' dir='ltr'><strong>dato</strong></span> <span class='ocrx_word' id='word_1_309' title='bbox 266 2053 398 2110; x_wconf 69' lang='lat' dir='ltr'><strong>saisieris</strong></span> <span class='ocrx_word' id='word_1_310' title='bbox 416 2047 574 2112; x_wconf 81' lang='lat' dir='ltr'><strong>inseruerit,</strong></span> <span class='ocrx_word' id='word_1_311' title='bbox 593 2048 657 2103; x_wconf 88' lang='lat' dir='ltr'><strong>baee</strong></span> <span class='ocrx_word' id='word_1_312' title='bbox 674 2045 766 2102; x_wconf 77' lang='lat' dir='ltr'><strong>effectu</strong></span> <span class='ocrx_word' id='word_1_313' title='bbox 784 2065 831 2102; x_wconf 90' lang='lat' dir='ltr'><strong>sno</strong></span> <span class='ocrx_word' id='word_1_314' title='bbox 844 2049 961 2118; x_wconf 74' lang='lat' dir='ltr'><strong>gaudeat,</strong></span> <span class='ocrx_word' id='word_1_315' title='bbox 974 2059 1002 2104; x_wconf 92' lang='lat' dir='ltr'><strong>et</strong></span> 
     </span>
     <span class='ocr_line' id='line_1_36' title="bbox 189 2130 999 2205; baseline -0.01 -9"><span class='ocrx_word' id='word_1_316' title='bbox 189 2141 301 2197; x_wconf 91' lang='lat' dir='ltr'><strong>notarius</strong></span> <span class='ocrx_word' id='word_1_317' title='bbox 320 2137 476 2192; x_wconf 85' lang='lat' dir='ltr'><strong>necessitate</strong></span> <span class='ocrx_word' id='word_1_318' title='bbox 502 2130 591 2188; x_wconf 80' lang='lat' dir='ltr'><strong>oflicii</strong></span> <span class='ocrx_word' id='word_1_319' title='bbox 616 2150 645 2188; x_wconf 89' lang='lat' dir='ltr'><strong>se</strong></span> <span class='ocrx_word' id='word_1_320' title='bbox 662 2150 787 2188; x_wconf 82' lang='lat' dir='ltr'><strong>excusare</strong></span> <span class='ocrx_word' id='word_1_321' title='bbox 815 2133 912 2205; x_wconf 89' lang='lat' dir='ltr'><strong>possit,</strong></span> <span class='ocrx_word' id='word_1_322' title='bbox 930 2135 999 2203; x_wconf 84' lang='lat' dir='ltr'><strong>quod</strong></span> 
     </span>
     <span class='ocr_line' id='line_1_37' title="bbox 188 2216 1001 2298; baseline -0.006 -20"><span class='ocrx_word' id='word_1_323' title='bbox 188 2235 320 2298; x_wconf 86' lang='lat' dir='ltr'><strong>eapropter</strong></span> <span class='ocrx_word' id='word_1_324' title='bbox 339 2221 448 2291; x_wconf 83' lang='lat' dir='ltr'><strong>speciali</strong></span> <span class='ocrx_word' id='word_1_325' title='bbox 468 2218 590 2272; x_wconf 86' lang='lat' dir='ltr'><strong>mandato</strong></span> <span class='ocrx_word' id='word_1_326' title='bbox 606 2235 672 2289; x_wconf 83' lang='lat' dir='ltr'><strong>optas</strong></span> <span class='ocrx_word' id='word_1_327' title='bbox 691 2235 746 2270; x_wconf 88' lang='lat' dir='ltr'><strong>non</strong></span> <span class='ocrx_word' id='word_1_328' title='bbox 764 2216 907 2270; x_wconf 85' lang='lat' dir='ltr'><strong>hebuerit?</strong></span> <span class='ocrx_word' id='word_1_329' title='bbox 932 2218 1001 2273; x_wconf 85' lang='lat' dir='ltr'><strong>Sane</strong></span> 
     </span>
    </p>

    <p class='ocr_par' dir='ltr' id='par_1_12' title="bbox 139 2296 1001 2458">
     <span class='ocr_line' id='line_1_38' title="bbox 139 2296 1001 2376; baseline -0.013 -11"><span class='ocrx_word' id='word_1_330' title='bbox 139 2296 171 2344; x_wconf 77' lang='lat'><strong>⁷⁸</strong></span> <span class='ocrx_word' id='word_1_331' title='bbox 188 2317 298 2365; x_wconf 87' lang='lat' dir='ltr'><strong>testatur</strong></span> <span class='ocrx_word' id='word_1_332' title='bbox 317 2305 488 2376; x_wconf 86' lang='lat' dir='ltr'><strong>Carpaorius,</strong></span> <span class='ocrx_word' id='word_1_333' title='bbox 509 2301 626 2354; x_wconf 86' lang='lat' dir='ltr'><strong>notarios</strong></span> <span class='ocrx_word' id='word_1_334' title='bbox 640 2309 794 2355; x_wconf 89' lang='lat' dir='ltr'><strong>testamenta</strong></span> <span class='ocrx_word' id='word_1_335' title='bbox 813 2301 1001 2370; x_wconf 79' lang='lat' dir='ltr'><strong>concipientes,</strong></span> 
     </span>
     <span class='ocr_line' id='line_1_39' title="bbox 187 2384 1000 2458; baseline -0.01 -12"><span class='ocrx_word' id='word_1_336' title='bbox 187 2395 221 2446; x_wconf 91' lang='lat' dir='ltr'><strong>de</strong></span> <span class='ocrx_word' id='word_1_337' title='bbox 240 2387 430 2446; x_wconf 77' lang='lat' dir='ltr'><strong>wnrueiudine</strong></span> <span class='ocrx_word' id='word_1_338' title='bbox 447 2388 601 2458; x_wconf 87' lang='lat' dir='ltr'><strong>pierumque</strong></span> <span class='ocrx_word' id='word_1_339' title='bbox 618 2386 744 2438; x_wconf 84' lang='lat' dir='ltr'><strong>clausulas</strong></span> <span class='ocrx_word' id='word_1_340' title='bbox 756 2401 771 2436; x_wconf 85' lang='lat' dir='ltr'><strong>e</strong></span> <span class='ocrx_word' id='word_1_341' title='bbox 783 2384 890 2453; x_wconf 73' lang='lat' dir='ltr'><strong>vulgatis</strong></span> <span class='ocrx_word' id='word_1_342' title='bbox 903 2385 1000 2438; x_wconf 88' lang='lat' dir='ltr'><strong>tormo-</strong></span> 
     </span>
    </p>

    <p class='ocr_par' dir='ltr' id='par_1_13' title="bbox 152 2468 1002 2630">
     <span class='ocr_line' id='line_1_40' title="bbox 152 2468 1001 2551; baseline -0.009 -20"><span class='ocrx_word' id='word_1_343' title='bbox 152 2529 155 2536; x_wconf 84' lang='grc'><em>,</em></span> <span class='ocrx_word' id='word_1_344' title='bbox 189 2477 274 2532; x_wconf 86' lang='lat' dir='ltr'><strong>latiis</strong></span> <span class='ocrx_word' id='word_1_345' title='bbox 292 2472 435 2544; x_wconf 71' lang='lat' dir='ltr'><strong>descriptas</strong></span> <span class='ocrx_word' id='word_1_346' title='bbox 454 2469 617 2524; x_wconf 79' lang='lat' dir='ltr'><strong>testamentis</strong></span> <span class='ocrx_word' id='word_1_347' title='bbox 635 2469 809 2551; x_wconf 35' lang='lat' dir='ltr'><strong>adjicerepet</strong></span> <span class='ocrx_word' id='word_1_348' title='bbox 828 2479 915 2523; x_wconf 85' lang='lat' dir='ltr'><strong>iernen</strong></span> <span class='ocrx_word' id='word_1_349' title='bbox 929 2468 1001 2540; x_wconf 88' lang='lat' dir='ltr'><strong>ipsos</strong></span> 
     </span>
     <span class='ocr_line' id='line_1_41' title="bbox 191 2551 1002 2630; baseline -0.01 -16"><span class='ocrx_word' id='word_1_350' title='bbox 191 2559 298 2630; x_wconf 86' lang='lat' dir='ltr'><strong>saepius</strong></span> <span class='ocrx_word' id='word_1_351' title='bbox 316 2573 369 2609; x_wconf 92' lang='lat' dir='ltr'><strong>non</strong></span> <span class='ocrx_word' id='word_1_352' title='bbox 389 2553 537 2623; x_wconf 77' lang='lat' dir='ltr'><strong>intelligere</strong></span> <span class='ocrx_word' id='word_1_353' title='bbox 552 2551 618 2624; x_wconf 90' lang='lat' dir='ltr'><strong>quid</strong></span> <span class='ocrx_word' id='word_1_354' title='bbox 638 2552 773 2617; x_wconf 87' lang='lat' dir='ltr'><strong>scribant,</strong></span> <span class='ocrx_word' id='word_1_355' title='bbox 800 2553 854 2608; x_wconf 86' lang='lat' dir='ltr'><strong>rid.</strong></span> <span class='ocrx_word' id='word_1_356' title='bbox 878 2552 1002 2624; x_wconf 81' lang='lat' dir='ltr'><strong>Carpeor.</strong></span> 
     </span>
    </p>

    <p class='ocr_par' dir='ltr' id='par_1_14' title="bbox 136 2637 1004 3126">
     <span class='ocr_line' id='line_1_42' title="bbox 136 2637 1004 2714; baseline -0.01 -15"><span class='ocrx_word' id='word_1_357' title='bbox 136 2648 169 2699; x_wconf 82' lang='lat' dir='ltr'><strong>ti</strong></span> <span class='ocrx_word' id='word_1_358' title='bbox 184 2665 210 2714; x_wconf 85' lang='lat' dir='ltr'><strong>p.</strong></span> <span class='ocrx_word' id='word_1_359' title='bbox 229 2645 255 2698; x_wconf 87' lang='grc'><strong>3.</strong></span> <span class='ocrx_word' id='word_1_360' title='bbox 272 2651 357 2698; x_wconf 80' lang='lat' dir='ltr'><strong>coner.</strong></span> <span class='ocrx_word' id='word_1_361' title='bbox 375 2640 400 2690; x_wconf 88' lang='lat' dir='ltr'><strong>ii.</strong></span> <span class='ocrx_word' id='word_1_362' title='bbox 419 2637 474 2708; x_wconf 66' lang='lat' dir='ltr'><strong>defi</strong></span> <span class='ocrx_word' id='word_1_363' title='bbox 491 2637 518 2690; x_wconf 93' lang='grc'><strong>6.</strong></span> <span class='ocrx_word' id='word_1_364' title='bbox 529 2656 559 2690; x_wconf 87' lang='lat' dir='ltr'><strong>n.</strong></span> <span class='ocrx_word' id='word_1_365' title='bbox 584 2638 608 2690; x_wconf 89' lang='grc'><strong>3.</strong></span> <span class='ocrx_word' id='word_1_366' title='bbox 634 2639 735 2692; x_wconf 77' lang='lat' dir='ltr'><strong>Verum</strong></span> <span class='ocrx_word' id='word_1_367' title='bbox 752 2645 887 2707; x_wconf 80' lang='lat' dir='ltr'><strong>nunquam</strong></span> <span class='ocrx_word' id='word_1_368' title='bbox 906 2638 1004 2707; x_wconf 83' lang='lat' dir='ltr'><strong>poterit</strong></span> 
     </span>
     <span class='ocr_line' id='line_1_43' title="bbox 185 2719 1003 2800; baseline -0.01 -17"><span class='ocrx_word' id='word_1_369' title='bbox 185 2727 337 2800; x_wconf 86' lang='lat' dir='ltr'><strong>praesumi,</strong></span> <span class='ocrx_word' id='word_1_370' title='bbox 354 2723 383 2778; x_wconf 90' lang='lat' dir='ltr'><strong>in</strong></span> <span class='ocrx_word' id='word_1_371' title='bbox 404 2728 528 2788; x_wconf 71' lang='lat' dir='ltr'><strong>testatore</strong></span> <span class='ocrx_word' id='word_1_372' title='bbox 549 2719 640 2774; x_wconf 83' lang='lat' dir='ltr'><strong>deesse</strong></span> <span class='ocrx_word' id='word_1_373' title='bbox 659 2719 813 2773; x_wconf 87' lang='lat' dir='ltr'><strong>mandatum</strong></span> <span class='ocrx_word' id='word_1_374' title='bbox 831 2720 864 2774; x_wconf 91' lang='lat' dir='ltr'><strong>de</strong></span> <span class='ocrx_word' id='word_1_375' title='bbox 877 2719 1003 2790; x_wconf 83' lang='lat' dir='ltr'><strong>adjicien·</strong></span> 
     </span>
     <span class='ocr_line' id='line_1_44' title="bbox 190 2802 1003 2868; baseline -0.023 -1"><span class='ocrx_word' id='word_1_376' title='bbox 190 2813 224 2867; x_wconf 87' lang='lat' dir='ltr'><strong>da</strong></span> <span class='ocrx_word' id='word_1_377' title='bbox 243 2810 354 2866; x_wconf 78' lang='lat' dir='ltr'><strong>cumula</strong></span> <span class='ocrx_word' id='word_1_378' title='bbox 384 2804 542 2868; x_wconf 70' lang='lat' dir='ltr'><strong>codicillarie</strong></span> <span class='ocrx_word' id='word_1_379' title='bbox 562 2803 696 2858; x_wconf 86' lang='lat' dir='ltr'><strong>mandarit</strong></span> <span class='ocrx_word' id='word_1_380' title='bbox 713 2802 801 2866; x_wconf 89' lang='lat' dir='ltr'><strong>enim,</strong></span> <span class='ocrx_word' id='word_1_381' title='bbox 820 2811 848 2854; x_wconf 91' lang='lat' dir='ltr'><strong>ot</strong></span> <span class='ocrx_word' id='word_1_382' title='bbox 868 2813 1003 2858; x_wconf 83' lang='lat' dir='ltr'><strong>testamen.</strong></span> 
     </span>
     <span class='ocr_line' id='line_1_45' title="bbox 191 2885 1002 2954; baseline -0.014 -3"><span class='ocrx_word' id='word_1_383' title='bbox 191 2911 247 2952; x_wconf 88' lang='lat' dir='ltr'><strong>tum</strong></span> <span class='ocrx_word' id='word_1_384' title='bbox 266 2893 426 2950; x_wconf 77' lang='lat' dir='ltr'><strong>validissime</strong></span> <span class='ocrx_word' id='word_1_385' title='bbox 444 2885 632 2951; x_wconf 80' lang='lat' dir='ltr'><strong>conficeretur,</strong></span> <span class='ocrx_word' id='word_1_386' title='bbox 650 2903 711 2954; x_wconf 77' lang='lat' dir='ltr'><strong>ergo</strong></span> <span class='ocrx_word' id='word_1_387' title='bbox 730 2885 788 2937; x_wconf 89' lang='lat' dir='ltr'><strong>sine</strong></span> <span class='ocrx_word' id='word_1_388' title='bbox 813 2885 894 2938; x_wconf 89' lang='lat' dir='ltr'><strong>dubio</strong></span> <span class='ocrx_word' id='word_1_389' title='bbox 921 2887 1002 2940; x_wconf 82' lang='lat' dir='ltr'><strong>etiam</strong></span> 
     </span>
     <span class='ocr_line' id='line_1_46' title="bbox 190 2968 1004 3041; baseline -0.011 -7"><span class='ocrx_word' id='word_1_390' title='bbox 190 2979 341 3041; x_wconf 86' lang='lat' dir='ltr'><strong>mandarit,</strong></span> <span class='ocrx_word' id='word_1_391' title='bbox 362 2985 391 3029; x_wconf 89' lang='lat' dir='ltr'><strong>ut</strong></span> <span class='ocrx_word' id='word_1_392' title='bbox 414 2975 478 3028; x_wconf 82' lang='lat' dir='ltr'><strong>bueo</strong></span> <span class='ocrx_word' id='word_1_393' title='bbox 503 2971 626 3026; x_wconf 86' lang='lat' dir='ltr'><strong>salutaris</strong></span> <span class='ocrx_word' id='word_1_394' title='bbox 649 2970 764 3022; x_wconf 80' lang='lat' dir='ltr'><strong>eburnia</strong></span> <span class='ocrx_word' id='word_1_395' title='bbox 782 2968 932 3039; x_wconf 78' lang='lat' dir='ltr'><strong>adjiciatur.</strong></span> <span class='ocrx_word' id='word_1_396' title='bbox 950 2971 1004 3025; x_wconf 82' lang='lat' dir='ltr'><strong>rid.</strong></span> 
     </span>
     <span class='ocr_line' id='line_1_47' title="bbox 195 3052 1003 3126; baseline -0.012 -9"><span class='ocrx_word' id='word_1_397' title='bbox 195 3063 257 3120; x_wconf 80' lang='lat' dir='ltr'><strong>iob.</strong></span> <span class='ocrx_word' id='word_1_398' title='bbox 276 3062 311 3114; x_wconf 84' lang='lat' dir='ltr'><strong>de</strong></span> <span class='ocrx_word' id='word_1_399' title='bbox 329 3058 443 3112; x_wconf 83' lang='lat' dir='ltr'><strong>Bustillo</strong></span> <span class='ocrx_word' id='word_1_400' title='bbox 457 3057 476 3109; x_wconf 86' lang='lat' dir='ltr'><strong>l.</strong></span> <span class='ocrx_word' id='word_1_401' title='bbox 496 3054 522 3107; x_wconf 95' lang='grc'><strong>4.</strong></span> <span class='ocrx_word' id='word_1_402' title='bbox 540 3054 653 3126; x_wconf 82' lang='lat' dir='ltr'><strong>conjeci.</strong></span> <span class='ocrx_word' id='word_1_403' title='bbox 667 3052 752 3106; x_wconf 87' lang='lat' dir='ltr'><strong>ultim.</strong></span> <span class='ocrx_word' id='word_1_404' title='bbox 766 3054 865 3107; x_wconf 85' lang='lat' dir='ltr'><strong>uolunt.</strong></span> <span class='ocrx_word' id='word_1_405' title='bbox 883 3065 953 3126; x_wconf 84' lang='lat' dir='ltr'><strong>port.</strong></span> <span class='ocrx_word' id='word_1_406' title='bbox 979 3054 1003 3107; x_wconf 89' lang='grc'><strong>4.</strong></span> 
     </span>
    </p>

    <p class='ocr_par' dir='ltr' id='par_1_15' title="bbox 136 3135 1004 3638">
     <span class='ocr_line' id='line_1_48' title="bbox 136 3135 1001 3216; baseline -0.015 -13"><span class='ocrx_word' id='word_1_407' title='bbox 136 3164 169 3212; x_wconf 75' lang='grc' dir='ltr'><strong>ιο</strong></span> <span class='ocrx_word' id='word_1_408' title='bbox 187 3165 246 3216; x_wconf 83' lang='lat' dir='ltr'><strong>cup.</strong></span> <span class='ocrx_word' id='word_1_409' title='bbox 260 3146 303 3198; x_wconf 83' lang='grc'><strong>48.</strong></span> <span class='ocrx_word' id='word_1_410' title='bbox 322 3165 351 3199; x_wconf 89' lang='grc' dir='ltr'><strong>ιι.</strong></span> <span class='ocrx_word' id='word_1_411' title='bbox 368 3144 413 3196; x_wconf 75' lang='lat' dir='ltr'><strong>tt.</strong></span> <span class='ocrx_word' id='word_1_412' title='bbox 434 3143 568 3211; x_wconf 84' lang='lat' dir='ltr'><strong>Quorsum</strong></span> <span class='ocrx_word' id='word_1_413' title='bbox 587 3137 652 3190; x_wconf 87' lang='lat' dir='ltr'><strong>lacit</strong></span> <span class='ocrx_word' id='word_1_414' title='bbox 667 3136 797 3206; x_wconf 76' lang='lat' dir='ltr'><strong>generalia</strong></span> <span class='ocrx_word' id='word_1_415' title='bbox 815 3135 903 3205; x_wconf 79' lang='lat' dir='ltr'><strong>regula</strong></span> <span class='ocrx_word' id='word_1_416' title='bbox 914 3136 1001 3190; x_wconf 85' lang='lat' dir='ltr'><strong>doeio-</strong></span> 
     </span>
     <span class='ocr_line' id='line_1_49' title="bbox 188 3219 1004 3302; baseline -0.017 -16"><span class='ocrx_word' id='word_1_417' title='bbox 188 3249 266 3296; x_wconf 89' lang='lat' dir='ltr'><strong>rum,</strong></span> <span class='ocrx_word' id='word_1_418' title='bbox 278 3228 349 3302; x_wconf 88' lang='lat' dir='ltr'><strong>qnod</strong></span> <span class='ocrx_word' id='word_1_419' title='bbox 368 3227 467 3296; x_wconf 87' lang='lat' dir='ltr'><strong>scripta</strong></span> <span class='ocrx_word' id='word_1_420' title='bbox 479 3239 525 3294; x_wconf 90' lang='lat' dir='ltr'><strong>per</strong></span> <span class='ocrx_word' id='word_1_421' title='bbox 540 3221 674 3275; x_wconf 90' lang='lat' dir='ltr'><strong>notarium</strong></span> <span class='ocrx_word' id='word_1_422' title='bbox 692 3228 847 3273; x_wconf 80' lang='lat' dir='ltr'><strong>eenseantur</strong></span> <span class='ocrx_word' id='word_1_423' title='bbox 860 3219 957 3291; x_wconf 88' lang='lat' dir='ltr'><strong>soripia</strong></span> <span class='ocrx_word' id='word_1_424' title='bbox 972 3219 1004 3272; x_wconf 87' lang='lat' dir='ltr'><strong>‹le</strong></span> 
     </span>
     <span class='ocr_line' id='line_1_50' title="bbox 187 3301 1004 3379; baseline -0.018 -8"><span class='ocrx_word' id='word_1_425' title='bbox 187 3317 317 3372; x_wconf 77' lang='lat' dir='ltr'><strong>voluntate</strong></span> <span class='ocrx_word' id='word_1_426' title='bbox 334 3316 406 3379; x_wconf 78' lang='lat' dir='ltr'><strong>ejus,</strong></span> <span class='ocrx_word' id='word_1_427' title='bbox 418 3308 464 3379; x_wconf 86' lang='lat' dir='ltr'><strong>qui</strong></span> <span class='ocrx_word' id='word_1_428' title='bbox 479 3307 579 3376; x_wconf 73' lang='lat' dir='ltr'><strong>rogarit</strong></span> <span class='ocrx_word' id='word_1_429' title='bbox 597 3303 739 3358; x_wconf 89' lang='lat' dir='ltr'><strong>notarium.</strong></span> <span class='ocrx_word' id='word_1_430' title='bbox 753 3301 828 3356; x_wconf 79' lang='lat' dir='ltr'><strong>Batai.</strong></span> <span class='ocrx_word' id='word_1_431' title='bbox 839 3303 882 3358; x_wconf 77' lang='lat' dir='ltr'><strong>tit.</strong></span> <span class='ocrx_word' id='word_1_432' title='bbox 895 3305 920 3355; x_wconf 75' lang='grc'><strong>6.</strong></span> <span class='ocrx_word' id='word_1_433' title='bbox 934 3320 1004 3358; x_wconf 89' lang='lat' dir='ltr'><strong>oona.</strong></span> 
     </span>
     <span class='ocr_line' id='line_1_51' title="bbox 188 3388 1002 3470; baseline -0.01 -17"><span class='ocrx_word' id='word_1_434' title='bbox 188 3401 251 3453; x_wconf 82' lang='grc'><strong>168.</strong></span> <span class='ocrx_word' id='word_1_435' title='bbox 269 3398 302 3453; x_wconf 85' lang='lat' dir='ltr'><strong>in</strong></span> <span class='ocrx_word' id='word_1_436' title='bbox 303 3397 364 3470; x_wconf 79' lang='lat' dir='ltr'><strong>fin.</strong></span> <span class='ocrx_word' id='word_1_437' title='bbox 384 3393 499 3449; x_wconf 87' lang='lat' dir='ltr'><strong>lloland.</strong></span> <span class='ocrx_word' id='word_1_438' title='bbox 515 3411 530 3444; x_wconf 90' lang='lat' dir='ltr'><strong>a</strong></span> <span class='ocrx_word' id='word_1_439' title='bbox 549 3391 626 3445; x_wconf 83' lang='lat' dir='ltr'><strong>Valle</strong></span> <span class='ocrx_word' id='word_1_440' title='bbox 643 3405 718 3444; x_wconf 80' lang='lat' dir='ltr'><strong>eons-</strong></span> <span class='ocrx_word' id='word_1_441' title='bbox 737 3390 782 3442; x_wconf 97' lang='grc'><strong>61.</strong></span> <span class='ocrx_word' id='word_1_442' title='bbox 796 3407 824 3444; x_wconf 89' lang='grc' dir='ltr'><strong>ιι.</strong></span> <span class='ocrx_word' id='word_1_443' title='bbox 850 3388 893 3442; x_wconf 93' lang='grc'><strong>64.</strong></span> <span class='ocrx_word' id='word_1_444' title='bbox 917 3389 1002 3445; x_wconf 68' lang='lat' dir='ltr'><strong>tim</strong></span> 
     </span>
     <span class='ocr_line' id='line_1_52' title="bbox 185 3473 1004 3546; baseline -0.013 -7"><span class='ocrx_word' id='word_1_445' title='bbox 185 3483 298 3538; x_wconf 71' lang='lat' dir='ltr'><strong>Barbos-</strong></span> <span class='ocrx_word' id='word_1_446' title='bbox 313 3480 361 3534; x_wconf 83' lang='lat' dir='ltr'><strong>tit.</strong></span> <span class='ocrx_word' id='word_1_447' title='bbox 375 3479 419 3532; x_wconf 71' lang='lat'><strong>12.</strong></span> <span class='ocrx_word' id='word_1_448' title='bbox 437 3493 499 3546; x_wconf 81' lang='lat' dir='ltr'><strong>eup-</strong></span> <span class='ocrx_word' id='word_1_449' title='bbox 518 3475 560 3529; x_wconf 81' lang='lat'><strong>1⁸.</strong></span> <span class='ocrx_word' id='word_1_450' title='bbox 579 3491 626 3526; x_wconf 73' lang='lat' dir='ltr'><strong>ee·</strong></span> <span class='ocrx_word' id='word_1_451' title='bbox 640 3475 666 3527; x_wconf 76' lang='grc'><strong>2.</strong></span> <span class='ocrx_word' id='word_1_452' title='bbox 678 3473 713 3527; x_wconf 87' lang='grc' dir='ltr'><strong>Ει</strong></span> <span class='ocrx_word' id='word_1_453' title='bbox 723 3473 793 3545; x_wconf 89' lang='lat' dir='ltr'><strong>quod</strong></span> <span class='ocrx_word' id='word_1_454' title='bbox 805 3474 923 3528; x_wconf 88' lang='lat' dir='ltr'><strong>notarius</strong></span> <span class='ocrx_word' id='word_1_455' title='bbox 936 3491 1004 3528; x_wconf 90' lang='lat' dir='ltr'><strong>sem·</strong></span> 
     </span>
     <span class='ocr_line' id='line_1_53' title="bbox 187 3557 1004 3638; baseline -0.011 -17"><span class='ocrx_word' id='word_1_456' title='bbox 187 3586 235 3638; x_wconf 86' lang='lat' dir='ltr'><strong>per</strong></span> <span class='ocrx_word' id='word_1_457' title='bbox 263 3573 401 3619; x_wconf 69' lang='lat' dir='ltr'><strong>ceomtur</strong></span> <span class='ocrx_word' id='word_1_458' title='bbox 424 3570 529 3630; x_wconf 77' lang='lat' dir='ltr'><strong>rogatos</strong></span> <span class='ocrx_word' id='word_1_459' title='bbox 554 3573 686 3629; x_wconf 87' lang='lat' dir='ltr'><strong>apponere</strong></span> <span class='ocrx_word' id='word_1_460' title='bbox 710 3557 836 3611; x_wconf 89' lang='lat' dir='ltr'><strong>clausulas</strong></span> <span class='ocrx_word' id='word_1_461' title='bbox 859 3568 1004 3612; x_wconf 86' lang='lat' dir='ltr'><strong>consuetas.</strong></span> 
     </span>
    </p>

    <p class='ocr_par' dir='ltr' id='par_1_16' title="bbox 138 3640 1006 3882">
     <span class='ocr_line' id='line_1_54' title="bbox 138 3640 1004 3722; baseline -0.016 -14"><span class='ocrx_word' id='word_1_462' title='bbox 138 3659 170 3708; x_wconf 81' lang='grc'><strong>61</strong></span> <span class='ocrx_word' id='word_1_463' title='bbox 190 3651 268 3722; x_wconf 82' lang='lat' dir='ltr'><strong>Qasod</strong></span> <span class='ocrx_word' id='word_1_464' title='bbox 289 3647 503 3718; x_wconf 79' lang='lat' dir='ltr'><strong>adpraesentent</strong></span> <span class='ocrx_word' id='word_1_465' title='bbox 523 3641 658 3696; x_wconf 77' lang='lat' dir='ltr'><strong>materiam</strong></span> <span class='ocrx_word' id='word_1_466' title='bbox 676 3640 792 3711; x_wconf 74' lang='lat' dir='ltr'><strong>applicat</strong></span> <span class='ocrx_word' id='word_1_467' title='bbox 810 3640 934 3712; x_wconf 84' lang='lat' dir='ltr'><strong>Corpaor.</strong></span> <span class='ocrx_word' id='word_1_468' title='bbox 958 3642 1004 3696; x_wconf 78' lang='lat' dir='ltr'><strong>tit.</strong></span> 
     </span>
     <span class='ocr_line' id='line_1_55' title="bbox 186 3723 1006 3802; baseline -0.016 -15"><span class='ocrx_word' id='word_1_469' title='bbox 186 3734 210 3785; x_wconf 90' lang='grc'><strong>6.</strong></span> <span class='ocrx_word' id='word_1_470' title='bbox 229 3748 305 3802; x_wconf 80' lang='lat' dir='ltr'><strong>resp.</strong></span> <span class='ocrx_word' id='word_1_471' title='bbox 322 3729 349 3782; x_wconf 93' lang='grc'><strong>7.</strong></span> <span class='ocrx_word' id='word_1_472' title='bbox 369 3745 396 3782; x_wconf 92' lang='lat' dir='ltr'><strong>n.</strong></span> <span class='ocrx_word' id='word_1_473' title='bbox 415 3727 459 3780; x_wconf 77' lang='grc'><strong>23.</strong></span> <span class='ocrx_word' id='word_1_474' title='bbox 478 3725 532 3782; x_wconf 86' lang='lat' dir='ltr'><strong>lieo</strong></span> <span class='ocrx_word' id='word_1_475' title='bbox 549 3725 655 3778; x_wconf 90' lang='lat' dir='ltr'><strong>obstare</strong></span> <span class='ocrx_word' id='word_1_476' title='bbox 674 3723 719 3776; x_wconf 90' lang='lat' dir='ltr'><strong>bie</strong></span> <span class='ocrx_word' id='word_1_477' title='bbox 736 3723 836 3793; x_wconf 85' lang='lat' dir='ltr'><strong>poterit</strong></span> <span class='ocrx_word' id='word_1_478' title='bbox 855 3725 1006 3795; x_wconf 72' lang='lat' dir='ltr'><strong>ignorantia</strong></span> 
     </span>
     <span class='ocr_line' id='line_1_56' title="bbox 186 3805 1005 3882; baseline -0.009 -12"><span class='ocrx_word' id='word_1_479' title='bbox 186 3815 304 3882; x_wconf 88' lang='lat' dir='ltr'><strong>notarii,</strong></span> <span class='ocrx_word' id='word_1_480' title='bbox 322 3810 425 3868; x_wconf 82' lang='lat' dir='ltr'><strong>suffieit</strong></span> <span class='ocrx_word' id='word_1_481' title='bbox 441 3811 528 3875; x_wconf 89' lang='lat' dir='ltr'><strong>enim,</strong></span> <span class='ocrx_word' id='word_1_482' title='bbox 546 3805 615 3880; x_wconf 86' lang='lat' dir='ltr'><strong>qood</strong></span> <span class='ocrx_word' id='word_1_483' title='bbox 629 3807 699 3860; x_wconf 89' lang='lat' dir='ltr'><strong>nibil</strong></span> <span class='ocrx_word' id='word_1_484' title='bbox 710 3815 800 3860; x_wconf 90' lang='lat' dir='ltr'><strong>eontra</strong></span> <span class='ocrx_word' id='word_1_485' title='bbox 813 3820 1005 3880; x_wconf 85' lang='lat' dir='ltr'><strong>praesumptam</strong></span> 
     </span>
    </p>

    <p class='ocr_par' dir='ltr' id='par_1_17' title="bbox 136 3891 1005 4620">
     <span class='ocr_line' id='line_1_57' title="bbox 136 3891 1005 3962; baseline -0.013 -4"><span class='ocrx_word' id='word_1_486' title='bbox 136 3909 168 3958; x_wconf 81' lang='lat' dir='ltr'><strong>itt</strong></span> <span class='ocrx_word' id='word_1_487' title='bbox 186 3903 346 3956; x_wconf 76' lang='lat' dir='ltr'><strong>voluntatem</strong></span> <span class='ocrx_word' id='word_1_488' title='bbox 364 3893 496 3954; x_wconf 84' lang='lat' dir='ltr'><strong>testatoris</strong></span> <span class='ocrx_word' id='word_1_489' title='bbox 514 3902 587 3962; x_wconf 74' lang='lat' dir='ltr'><strong>agat,</strong></span> <span class='ocrx_word' id='word_1_490' title='bbox 604 3900 634 3946; x_wconf 90' lang='lat' dir='ltr'><strong>ei</strong></span> <span class='ocrx_word' id='word_1_491' title='bbox 644 3907 697 3944; x_wconf 89' lang='lat' dir='ltr'><strong>rea</strong></span> <span class='ocrx_word' id='word_1_492' title='bbox 708 3891 824 3962; x_wconf 84' lang='lat' dir='ltr'><strong>periculo</strong></span> <span class='ocrx_word' id='word_1_493' title='bbox 841 3891 944 3946; x_wconf 85' lang='lat' dir='ltr'><strong>liberet.</strong></span> <span class='ocrx_word' id='word_1_494' title='bbox 952 3896 1005 3948; x_wconf 86' lang='lat' dir='ltr'><strong>Ve-</strong></span> 
     </span>
     <span class='ocr_line' id='line_1_58' title="bbox 185 3972 1003 4046; baseline -0.021 -7"><span class='ocrx_word' id='word_1_495' title='bbox 185 3988 244 4038; x_wconf 91' lang='lat' dir='ltr'><strong>lunt</strong></span> <span class='ocrx_word' id='word_1_496' title='bbox 263 3983 339 4038; x_wconf 86' lang='lat' dir='ltr'><strong>enim</strong></span> <span class='ocrx_word' id='word_1_497' title='bbox 358 3979 495 4044; x_wconf 78' lang='lat' dir='ltr'><strong>doctores,</strong></span> <span class='ocrx_word' id='word_1_498' title='bbox 510 3975 580 4046; x_wconf 89' lang='lat' dir='ltr'><strong>quod</strong></span> <span class='ocrx_word' id='word_1_499' title='bbox 598 3973 715 4029; x_wconf 88' lang='lat' dir='ltr'><strong>notarius</strong></span> <span class='ocrx_word' id='word_1_500' title='bbox 728 3972 870 4043; x_wconf 82' lang='lat' dir='ltr'><strong>requisitos</strong></span> <span class='ocrx_word' id='word_1_501' title='bbox 888 3977 1003 4030; x_wconf 85' lang='lat' dir='ltr'><strong>conseri.</strong></span> 
     </span>
     <span class='ocr_line' id='line_1_59' title="bbox 187 4054 1003 4128; baseline -0.016 -5"><span class='ocrx_word' id='word_1_502' title='bbox 187 4070 248 4122; x_wconf 88' lang='lat' dir='ltr'><strong>bere</strong></span> <span class='ocrx_word' id='word_1_503' title='bbox 269 4073 472 4128; x_wconf 82' lang='lat' dir='ltr'><strong>testamentum,</strong></span> <span class='ocrx_word' id='word_1_504' title='bbox 489 4059 614 4114; x_wconf 84' lang='lat' dir='ltr'><strong>adbibere</strong></span> <span class='ocrx_word' id='word_1_505' title='bbox 632 4057 725 4112; x_wconf 89' lang='lat' dir='ltr'><strong>debeat</strong></span> <span class='ocrx_word' id='word_1_506' title='bbox 742 4054 869 4112; x_wconf 81' lang='lat' dir='ltr'><strong>beneficia</strong></span> <span class='ocrx_word' id='word_1_507' title='bbox 894 4059 925 4112; x_wconf 88' lang='lat' dir='ltr'><strong>in</strong></span> <span class='ocrx_word' id='word_1_508' title='bbox 948 4077 1003 4115; x_wconf 85' lang='lat' dir='ltr'><strong>cor-</strong></span> 
     </span>
     <span class='ocr_line' id='line_1_60' title="bbox 185 4139 1005 4222; baseline -0.012 -18"><span class='ocrx_word' id='word_1_509' title='bbox 185 4169 249 4222; x_wconf 84' lang='lat' dir='ltr'><strong>pore</strong></span> <span class='ocrx_word' id='word_1_510' title='bbox 268 4148 336 4219; x_wconf 79' lang='lat' dir='ltr'><strong>juris</strong></span> <span class='ocrx_word' id='word_1_511' title='bbox 356 4144 472 4209; x_wconf 85' lang='lat' dir='ltr'><strong>inclusa,</strong></span> <span class='ocrx_word' id='word_1_512' title='bbox 490 4151 518 4197; x_wconf 91' lang='lat' dir='ltr'><strong>ei</strong></span> <span class='ocrx_word' id='word_1_513' title='bbox 535 4157 640 4204; x_wconf 85' lang='lat' dir='ltr'><strong>eumer,</strong></span> <span class='ocrx_word' id='word_1_514' title='bbox 658 4151 687 4194; x_wconf 91' lang='lat' dir='ltr'><strong>nt</strong></span> <span class='ocrx_word' id='word_1_515' title='bbox 709 4156 801 4194; x_wconf 88' lang='lat' dir='ltr'><strong>omnes</strong></span> <span class='ocrx_word' id='word_1_516' title='bbox 825 4139 1005 4196; x_wconf 88' lang='lat' dir='ltr'><strong>solemnitates</strong></span> 
     </span>
     <span class='ocr_line' id='line_1_61' title="bbox 185 4224 1003 4289; baseline -0.005 -5"><span class='ocrx_word' id='word_1_517' title='bbox 185 4234 213 4286; x_wconf 85' lang='lat' dir='ltr'><strong>to</strong></span> <span class='ocrx_word' id='word_1_518' title='bbox 231 4238 392 4289; x_wconf 85' lang='lat' dir='ltr'><strong>testamento</strong></span> <span class='ocrx_word' id='word_1_519' title='bbox 409 4225 600 4283; x_wconf 87' lang='lat' dir='ltr'><strong>adhibeanturt</strong></span> <span class='ocrx_word' id='word_1_520' title='bbox 611 4227 675 4279; x_wconf 87' lang='lat' dir='ltr'><strong>alias</strong></span> <span class='ocrx_word' id='word_1_521' title='bbox 688 4225 711 4278; x_wconf 90' lang='lat' dir='ltr'><strong>si</strong></span> <span class='ocrx_word' id='word_1_522' title='bbox 720 4224 756 4278; x_wconf 95' lang='lat' dir='ltr'><strong>ob</strong></span> <span class='ocrx_word' id='word_1_523' title='bbox 767 4224 860 4279; x_wconf 90' lang='lat' dir='ltr'><strong>berum</strong></span> <span class='ocrx_word' id='word_1_524' title='bbox 873 4224 1003 4280; x_wconf 86' lang='lat' dir='ltr'><strong>deiectum</strong></span> 
     </span>
     <span class='ocr_line' id='line_1_62' title="bbox 185 4305 1001 4376; baseline -0.011 -6"><span class='ocrx_word' id='word_1_525' title='bbox 185 4323 375 4370; x_wconf 79' lang='lat' dir='ltr'><strong>tentamentum</strong></span> <span class='ocrx_word' id='word_1_526' title='bbox 391 4309 426 4365; x_wconf 89' lang='lat' dir='ltr'><strong>ab</strong></span> <span class='ocrx_word' id='word_1_527' title='bbox 443 4325 474 4362; x_wconf 91' lang='lat' dir='ltr'><strong>eo</strong></span> <span class='ocrx_word' id='word_1_528' title='bbox 491 4307 592 4363; x_wconf 85' lang='lat' dir='ltr'><strong>laetum</strong></span> <span class='ocrx_word' id='word_1_529' title='bbox 608 4309 754 4372; x_wconf 84' lang='lat' dir='ltr'><strong>corruerit,</strong></span> <span class='ocrx_word' id='word_1_530' title='bbox 771 4305 898 4376; x_wconf 75' lang='lat' dir='ltr'><strong>obligatus</strong></span> <span class='ocrx_word' id='word_1_531' title='bbox 916 4317 957 4362; x_wconf 84' lang='lat' dir='ltr'><strong>esi</strong></span> <span class='ocrx_word' id='word_1_532' title='bbox 968 4308 1001 4363; x_wconf 87' lang='lat' dir='ltr'><strong>ad</strong></span> 
     </span>
     <span class='ocr_line' id='line_1_63' title="bbox 185 4391 1002 4454; baseline -0.001 -3"><span class='ocrx_word' id='word_1_533' title='bbox 185 4401 317 4454; x_wconf 84' lang='lat' dir='ltr'><strong>interesse</strong></span> <span class='ocrx_word' id='word_1_534' title='bbox 333 4395 524 4452; x_wconf 85' lang='lat' dir='ltr'><strong>institutorum.</strong></span> <span class='ocrx_word' id='word_1_535' title='bbox 544 4393 633 4449; x_wconf 77' lang='lat' dir='ltr'><strong>Sorin-</strong></span> <span class='ocrx_word' id='word_1_536' title='bbox 650 4407 726 4446; x_wconf 87' lang='lat' dir='ltr'><strong>eons.</strong></span> <span class='ocrx_word' id='word_1_537' title='bbox 744 4391 787 4444; x_wconf 86' lang='lat' dir='ltr'><strong>ii&#39;l.</strong></span> <span class='ocrx_word' id='word_1_538' title='bbox 804 4392 857 4446; x_wconf 73' lang='lat' dir='ltr'><strong>eoi</strong></span> <span class='ocrx_word' id='word_1_539' title='bbox 876 4393 1002 4450; x_wconf 75' lang='lat' dir='ltr'><strong>nouit.</strong></span> 
     </span>
     <span class='ocr_line' id='line_1_64' title="bbox 184 4472 1003 4538; baseline -0.01 -4"><span class='ocrx_word' id='word_1_540' title='bbox 184 4482 301 4538; x_wconf 81' lang='lat' dir='ltr'><strong>Crarett·</strong></span> <span class='ocrx_word' id='word_1_541' title='bbox 324 4494 400 4534; x_wconf 79' lang='lat' dir='ltr'><strong>eous.</strong></span> <span class='ocrx_word' id='word_1_542' title='bbox 416 4477 461 4530; x_wconf 93' lang='grc'><strong>76.</strong></span> <span class='ocrx_word' id='word_1_543' title='bbox 479 4494 507 4529; x_wconf 89' lang='grc' dir='ltr'><strong>ιι.</strong></span> <span class='ocrx_word' id='word_1_544' title='bbox 525 4476 552 4528; x_wconf 92' lang='grc'><strong>6.</strong></span> <span class='ocrx_word' id='word_1_545' title='bbox 570 4472 712 4530; x_wconf 86' lang='lat' dir='ltr'><strong>lliminald.</strong></span> <span class='ocrx_word' id='word_1_546' title='bbox 730 4490 806 4529; x_wconf 82' lang='lat' dir='ltr'><strong>eone.</strong></span> <span class='ocrx_word' id='word_1_547' title='bbox 824 4475 885 4528; x_wconf 77' lang='grc'><strong>263.</strong></span> <span class='ocrx_word' id='word_1_548' title='bbox 903 4493 932 4529; x_wconf 89' lang='grc' dir='ltr'><strong>ιι.</strong></span> <span class='ocrx_word' id='word_1_549' title='bbox 957 4478 1003 4530; x_wconf 89' lang='grc'><strong>37.</strong></span> 
     </span>
     <span class='ocr_line' id='line_1_65' title="bbox 186 4558 877 4620; baseline -0.016 -2"><span class='ocrx_word' id='word_1_550' title='bbox 186 4575 211 4618; x_wconf 92' lang='lat' dir='ltr'><strong>et</strong></span> <span class='ocrx_word' id='word_1_551' title='bbox 228 4578 309 4620; x_wconf 78' lang='lat' dir='ltr'><strong>oens·</strong></span> <span class='ocrx_word' id='word_1_552' title='bbox 326 4564 389 4616; x_wconf 84' lang='grc'><strong>668.</strong></span> <span class='ocrx_word' id='word_1_553' title='bbox 407 4579 435 4614; x_wconf 92' lang='grc' dir='ltr'><strong>ιι.</strong></span> <span class='ocrx_word' id='word_1_554' title='bbox 451 4559 496 4614; x_wconf 87' lang='grc'><strong>43.</strong></span> <span class='ocrx_word' id='word_1_555' title='bbox 514 4559 635 4613; x_wconf 80' lang='lat' dir='ltr'><strong>Menoeb.</strong></span> <span class='ocrx_word' id='word_1_556' title='bbox 652 4575 725 4612; x_wconf 84' lang='lat' dir='ltr'><strong>eona.</strong></span> <span class='ocrx_word' id='word_1_557' title='bbox 743 4558 787 4610; x_wconf 83' lang='grc'><strong>37.</strong></span> <span class='ocrx_word' id='word_1_558' title='bbox 805 4577 833 4612; x_wconf 83' lang='grc' dir='ltr'><strong>ιι.</strong></span> <span class='ocrx_word' id='word_1_559' title='bbox 852 4559 877 4610; x_wconf 87' lang='grc'><strong>3.</strong></span> 
     </span>
    </p>

    <p class='ocr_par' dir='ltr' id='par_1_18' title="bbox 138 4640 1004 4797">
     <span class='ocr_line' id='line_1_66' title="bbox 138 4640 1004 4707; baseline -0.003 -8"><span class='ocrx_word' id='word_1_560' title='bbox 138 4653 170 4707; x_wconf 77' lang='grc'><strong>83</strong></span> <span class='ocrx_word' id='word_1_561' title='bbox 223 4648 255 4699; x_wconf 92' lang='lat' dir='ltr'><strong>ln</strong></span> <span class='ocrx_word' id='word_1_562' title='bbox 277 4643 443 4700; x_wconf 85' lang='lat' dir='ltr'><strong>testamentis</strong></span> <span class='ocrx_word' id='word_1_563' title='bbox 460 4641 558 4696; x_wconf 89' lang='lat' dir='ltr'><strong>liberor</strong></span> <span class='ocrx_word' id='word_1_564' title='bbox 576 4643 617 4697; x_wconf 88' lang='lat' dir='ltr'><strong>rel</strong></span> <span class='ocrx_word' id='word_1_565' title='bbox 635 4640 811 4695; x_wconf 87' lang='lat' dir='ltr'><strong>instituendos</strong></span> <span class='ocrx_word' id='word_1_566' title='bbox 835 4642 876 4694; x_wconf 83' lang='lat' dir='ltr'><strong>rel</strong></span> <span class='ocrx_word' id='word_1_567' title='bbox 899 4657 1004 4696; x_wconf 86' lang='lat' dir='ltr'><strong>exaere-</strong></span> 
     </span>
     <span class='ocr_line' id='line_1_67' title="bbox 184 4721 1004 4797; baseline -0.001 -18"><span class='ocrx_word' id='word_1_568' title='bbox 184 4729 283 4784; x_wconf 78' lang='lat' dir='ltr'><strong>‹tandos</strong></span> <span class='ocrx_word' id='word_1_569' title='bbox 300 4745 373 4797; x_wconf 85' lang='lat' dir='ltr'><strong>ease,</strong></span> <span class='ocrx_word' id='word_1_570' title='bbox 392 4727 414 4782; x_wconf 89' lang='lat' dir='ltr'><strong>ri</strong></span> <span class='ocrx_word' id='word_1_571' title='bbox 433 4735 617 4782; x_wconf 83' lang='lat' dir='ltr'><strong>teauneorom</strong></span> <span class='ocrx_word' id='word_1_572' title='bbox 637 4724 703 4782; x_wconf 87' lang='lat' dir='ltr'><strong>ritio</strong></span> <span class='ocrx_word' id='word_1_573' title='bbox 719 4739 808 4780; x_wconf 86' lang='lat' dir='ltr'><strong>errere</strong></span> <span class='ocrx_word' id='word_1_574' title='bbox 824 4721 927 4794; x_wconf 85' lang='lat' dir='ltr'><strong>debeat,</strong></span> <span class='ocrx_word' id='word_1_575' title='bbox 948 4727 1004 4782; x_wconf 85' lang='lat' dir='ltr'><strong>eui·</strong></span> 
     </span>
    </p>
   </div>
   <div class='ocr_carea' id='block_1_11' title="bbox 1054 1705 1980 3461">
    <p class='ocr_par' dir='ltr' id='par_1_19' title="bbox 1054 1705 1980 3104">
     <span class='ocr_line' id='line_1_68' title="bbox 1056 1705 1926 1789; baseline 0.013 -30"><span class='ocrx_word' id='word_1_576' title='bbox 1056 1706 1161 1778; x_wconf 86' lang='lat' dir='ltr'><strong>praebet</strong></span> <span class='ocrx_word' id='word_1_577' title='bbox 1176 1705 1261 1763; x_wconf 81' lang='lat' dir='ltr'><strong>officii</strong></span> <span class='ocrx_word' id='word_1_578' title='bbox 1281 1712 1436 1780; x_wconf 66' lang='lat' dir='ltr'><strong>necessitate</strong></span> <span class='ocrx_word' id='word_1_579' title='bbox 1455 1716 1494 1768; x_wconf 88' lang='lat' dir='ltr'><strong>sie</strong></span> <span class='ocrx_word' id='word_1_580' title='bbox 1512 1726 1566 1770; x_wconf 93' lang='lat' dir='ltr'><strong>utut</strong></span> <span class='ocrx_word' id='word_1_581' title='bbox 1583 1726 1652 1770; x_wconf 89' lang='lat' dir='ltr'><strong>tutor</strong></span> <span class='ocrx_word' id='word_1_582' title='bbox 1670 1720 1767 1789; x_wconf 89' lang='lat' dir='ltr'><strong>pnpilli</strong></span> <span class='ocrx_word' id='word_1_583' title='bbox 1786 1718 1870 1773; x_wconf 86' lang='lat' dir='ltr'><strong>eomi-</strong></span> <span class='ocrx_word' id='word_1_584' title='bbox 1890 1717 1926 1771; x_wconf 83' lang='grc'><strong>66</strong></span> 
     </span>
     <span class='ocr_line' id='line_1_69' title="bbox 1055 1793 1872 1858; baseline 0.022 -18"><span class='ocrx_word' id='word_1_585' title='bbox 1055 1808 1088 1843; x_wconf 90' lang='lat' dir='ltr'><strong>ne</strong></span> <span class='ocrx_word' id='word_1_586' title='bbox 1108 1799 1292 1846; x_wconf 88' lang='lat' dir='ltr'><strong>testamentum</strong></span> <span class='ocrx_word' id='word_1_587' title='bbox 1313 1793 1492 1850; x_wconf 81' lang='lat' dir='ltr'><strong>inofficiosum</strong></span> <span class='ocrx_word' id='word_1_588' title='bbox 1506 1797 1619 1853; x_wconf 84' lang='lat' dir='ltr'><strong>dixisset</strong></span> <span class='ocrx_word' id='word_1_589' title='bbox 1630 1809 1659 1854; x_wconf 92' lang='lat' dir='ltr'><strong>et</strong></span> <span class='ocrx_word' id='word_1_590' title='bbox 1671 1819 1724 1856; x_wconf 87' lang='lat' dir='ltr'><strong>non</strong></span> <span class='ocrx_word' id='word_1_591' title='bbox 1737 1802 1872 1858; x_wconf 85' lang='lat' dir='ltr'><strong>obtinuis-</strong></span> 
     </span>
     <span class='ocr_line' id='line_1_70' title="bbox 1056 1874 1872 1954; baseline 0.022 -29"><span class='ocrx_word' id='word_1_592' title='bbox 1056 1881 1109 1936; x_wconf 87' lang='lat' dir='ltr'><strong>set,</strong></span> <span class='ocrx_word' id='word_1_593' title='bbox 1128 1889 1180 1925; x_wconf 88' lang='grc' dir='ltr'>ιιοιι</span> <span class='ocrx_word' id='word_1_594' title='bbox 1198 1874 1286 1928; x_wconf 86' lang='lat' dir='ltr'><strong>obstat</strong></span> <span class='ocrx_word' id='word_1_595' title='bbox 1299 1877 1348 1930; x_wconf 89' lang='lat' dir='ltr'><strong>boe</strong></span> <span class='ocrx_word' id='word_1_596' title='bbox 1361 1879 1435 1948; x_wconf 83' lang='lat' dir='ltr'><strong>ipsi,</strong></span> <span class='ocrx_word' id='word_1_597' title='bbox 1453 1898 1504 1950; x_wconf 89' lang='lat' dir='ltr'><strong>qno</strong></span> <span class='ocrx_word' id='word_1_598' title='bbox 1525 1881 1613 1936; x_wconf 88' lang='lat' dir='ltr'><strong>minus</strong></span> <span class='ocrx_word' id='word_1_599' title='bbox 1632 1885 1744 1954; x_wconf 83' lang='lat' dir='ltr'><strong>legatum</strong></span> <span class='ocrx_word' id='word_1_600' title='bbox 1765 1885 1817 1940; x_wconf 87' lang='lat' dir='ltr'><strong>sibi</strong></span> <span class='ocrx_word' id='word_1_601' title='bbox 1831 1887 1872 1942; x_wconf 82' lang='lat' dir='ltr'><strong>re·</strong></span> 
     </span>
     <span class='ocr_line' id='line_1_71' title="bbox 1055 1955 1873 2037; baseline 0.016 -28"><span class='ocrx_word' id='word_1_602' title='bbox 1055 1955 1147 2010; x_wconf 90' lang='lat' dir='ltr'><strong>lietom</strong></span> <span class='ocrx_word' id='word_1_603' title='bbox 1165 1967 1256 2028; x_wconf 86' lang='lat' dir='ltr'><strong>peiere</strong></span> <span class='ocrx_word' id='word_1_604' title='bbox 1274 1961 1374 2030; x_wconf 83' lang='lat' dir='ltr'><strong>possit:</strong></span> <span class='ocrx_word' id='word_1_605' title='bbox 1391 1974 1498 2016; x_wconf 85' lang='lat' dir='ltr'><strong>excusat</strong></span> <span class='ocrx_word' id='word_1_606' title='bbox 1515 1967 1587 2018; x_wconf 88' lang='lat' dir='ltr'><strong>enim</strong></span> <span class='ocrx_word' id='word_1_607' title='bbox 1607 1967 1696 2037; x_wconf 91' lang='lat' dir='ltr'><strong>ipsum</strong></span> <span class='ocrx_word' id='word_1_608' title='bbox 1714 1965 1801 2021; x_wconf 87' lang='lat' dir='ltr'><strong>cilicii</strong></span> <span class='ocrx_word' id='word_1_609' title='bbox 1827 1985 1873 2022; x_wconf 92' lang='lat' dir='ltr'><strong>ne·</strong></span> 
     </span>
     <span class='ocr_line' id='line_1_72' title="bbox 1054 2039 1874 2122; baseline 0.022 -31"><span class='ocrx_word' id='word_1_610' title='bbox 1054 2039 1171 2094; x_wconf 87' lang='lat' dir='ltr'><strong>cessitas.</strong></span> <span class='ocrx_word' id='word_1_611' title='bbox 1190 2043 1212 2106; x_wconf 89' lang='lat'><strong>§.</strong></span> <span class='ocrx_word' id='word_1_612' title='bbox 1232 2041 1258 2094; x_wconf 93' lang='grc'><strong>6.</strong></span> <span class='ocrx_word' id='word_1_613' title='bbox 1275 2044 1338 2096; x_wconf 83' lang='lat' dir='ltr'><strong>inst.</strong></span> <span class='ocrx_word' id='word_1_614' title='bbox 1352 2044 1385 2098; x_wconf 82' lang='lat' dir='ltr'><strong>de</strong></span> <span class='ocrx_word' id='word_1_615' title='bbox 1397 2043 1477 2115; x_wconf 78' lang='lat' dir='ltr'><strong>inoffi</strong></span> <span class='ocrx_word' id='word_1_616' title='bbox 1490 2057 1547 2100; x_wconf 81' lang='lat' dir='ltr'><strong>teat.</strong></span> <span class='ocrx_word' id='word_1_617' title='bbox 1557 2048 1574 2102; x_wconf 89' lang='lat' dir='ltr'><strong>t.</strong></span> <span class='ocrx_word' id='word_1_618' title='bbox 1587 2059 1712 2104; x_wconf 82' lang='lat' dir='ltr'><strong>tutorem.</strong></span> <span class='ocrx_word' id='word_1_619' title='bbox 1727 2049 1816 2122; x_wconf 70' lang='lat' dir='ltr'><em>²²·ff·</em></span> <span class='ocrx_word' id='word_1_620' title='bbox 1840 2057 1874 2109; x_wconf 74' lang='lat' dir='ltr'><strong>ele</strong></span> 
     </span>
     <span class='ocr_line' id='line_1_73' title="bbox 1055 2124 1927 2206; baseline 0.019 -31"><span class='ocrx_word' id='word_1_621' title='bbox 1055 2124 1173 2192; x_wconf 79' lang='lat' dir='ltr'><strong>itaquae</strong></span> <span class='ocrx_word' id='word_1_622' title='bbox 1186 2125 1308 2198; x_wconf 73' lang='lat' dir='ltr'><strong>uis&#39;rrdr&#39;g.</strong></span> <span class='ocrx_word' id='word_1_623' title='bbox 1322 2128 1340 2180; x_wconf 88' lang='lat' dir='ltr'><strong>i.</strong></span> <span class='ocrx_word' id='word_1_624' title='bbox 1356 2130 1396 2181; x_wconf 83' lang='lat'><strong>30.</strong></span> <span class='ocrx_word' id='word_1_625' title='bbox 1411 2137 1433 2194; x_wconf 73' lang='lat'><strong>5.</strong></span> <span class='ocrx_word' id='word_1_626' title='bbox 1450 2133 1474 2182; x_wconf 86' lang='lat'><strong>1.</strong></span> <span class='ocrx_word' id='word_1_627' title='bbox 1478 2131 1519 2202; x_wconf 83' lang='lat' dir='ltr'><em>ff</em></span> <span class='ocrx_word' id='word_1_628' title='bbox 1531 2131 1564 2186; x_wconf 81' lang='lat' dir='ltr'><strong>de</strong></span> <span class='ocrx_word' id='word_1_629' title='bbox 1575 2131 1664 2206; x_wconf 60' lang='lat' dir='ltr'><strong>finoffi</strong></span> <span class='ocrx_word' id='word_1_630' title='bbox 1685 2145 1743 2189; x_wconf 85' lang='lat' dir='ltr'><strong>tesi.</strong></span> <span class='ocrx_word' id='word_1_631' title='bbox 1770 2137 1873 2192; x_wconf 82' lang='lat' dir='ltr'><strong>Pariter</strong></span> <span class='ocrx_word' id='word_1_632' title='bbox 1891 2130 1927 2182; x_wconf 72' lang='lat'><strong>⁸9</strong></span> 
     </span>
     <span class='ocr_line' id='line_1_74' title="bbox 1056 2207 1980 2276; baseline 0.022 -17"><span class='ocrx_word' id='word_1_633' title='bbox 1056 2207 1079 2259; x_wconf 79' lang='lat' dir='ltr'><strong>si</strong></span> <span class='ocrx_word' id='word_1_634' title='bbox 1099 2225 1145 2260; x_wconf 91' lang='lat' dir='ltr'><strong>suo</strong></span> <span class='ocrx_word' id='word_1_635' title='bbox 1171 2210 1278 2263; x_wconf 83' lang='lat' dir='ltr'><strong>nonaine</strong></span> <span class='ocrx_word' id='word_1_636' title='bbox 1299 2223 1478 2267; x_wconf 87' lang='lat' dir='ltr'><strong>testamentum</strong></span> <span class='ocrx_word' id='word_1_637' title='bbox 1505 2212 1684 2272; x_wconf 80' lang='lat' dir='ltr'><strong>inofficiosum</strong></span> <span class='ocrx_word' id='word_1_638' title='bbox 1711 2219 1824 2276; x_wconf 80' lang='lat' dir='ltr'><strong>dixisset</strong></span> <span class='ocrx_word' id='word_1_639' title='bbox 1846 2233 1872 2276; x_wconf 90' lang='lat' dir='ltr'><strong>et</strong></span> <span class='ocrx_word' id='word_1_640' title='bbox 1976 2239 1980 2246; x_wconf 84' lang='lat'>&#39;</span> 
     </span>
     <span class='ocr_line' id='line_1_75' title="bbox 1055 2291 1872 2375; baseline 0.015 -33"><span class='ocrx_word' id='word_1_641' title='bbox 1055 2307 1107 2344; x_wconf 92' lang='lat' dir='ltr'><strong>non</strong></span> <span class='ocrx_word' id='word_1_642' title='bbox 1125 2291 1301 2359; x_wconf 82' lang='lat' dir='ltr'><strong>obtinuisset,</strong></span> <span class='ocrx_word' id='word_1_643' title='bbox 1320 2311 1370 2364; x_wconf 91' lang='lat' dir='ltr'><strong>pro</strong></span> <span class='ocrx_word' id='word_1_644' title='bbox 1394 2299 1498 2366; x_wconf 88' lang='lat' dir='ltr'><strong>pupillo</strong></span> <span class='ocrx_word' id='word_1_645' title='bbox 1522 2300 1635 2368; x_wconf 85' lang='lat' dir='ltr'><strong>legatum</strong></span> <span class='ocrx_word' id='word_1_646' title='bbox 1660 2309 1752 2372; x_wconf 89' lang='lat' dir='ltr'><strong>peiere</strong></span> <span class='ocrx_word' id='word_1_647' title='bbox 1775 2314 1872 2375; x_wconf 86' lang='lat' dir='ltr'><strong>potest.</strong></span> 
     </span>
     <span class='ocr_line' id='line_1_76' title="bbox 1055 2374 1872 2458; baseline 0.02 -32"><span class='ocrx_word' id='word_1_648' title='bbox 1055 2377 1077 2441; x_wconf 82' lang='lat'><strong>§.</strong></span> <span class='ocrx_word' id='word_1_649' title='bbox 1096 2374 1122 2428; x_wconf 95' lang='grc'><strong>4.</strong></span> <span class='ocrx_word' id='word_1_650' title='bbox 1140 2375 1204 2428; x_wconf 84' lang='grc' dir='ltr'>ιἰιιι.</span> <span class='ocrx_word' id='word_1_651' title='bbox 1220 2378 1253 2432; x_wconf 81' lang='lat' dir='ltr'><strong>de</strong></span> <span class='ocrx_word' id='word_1_652' title='bbox 1270 2378 1352 2449; x_wconf 75' lang='lat' dir='ltr'><strong>inoffi</strong></span> <span class='ocrx_word' id='word_1_653' title='bbox 1367 2390 1426 2434; x_wconf 84' lang='lat' dir='ltr'><strong>test.</strong></span> <span class='ocrx_word' id='word_1_654' title='bbox 1445 2383 1504 2438; x_wconf 85' lang='lat' dir='ltr'><strong>Non</strong></span> <span class='ocrx_word' id='word_1_655' title='bbox 1521 2384 1619 2440; x_wconf 84' lang='lat' dir='ltr'><strong>obstat.</strong></span> <span class='ocrx_word' id='word_1_656' title='bbox 1637 2385 1656 2438; x_wconf 88' lang='grc'><strong>4.</strong></span> <span class='ocrx_word' id='word_1_657' title='bbox 1671 2386 1731 2458; x_wconf 79' lang='lat' dir='ltr'><strong>fin.</strong></span> <span class='ocrx_word' id='word_1_658' title='bbox 1747 2387 1790 2457; x_wconf 81' lang='lat' dir='ltr'><strong>ff.</strong></span> <span class='ocrx_word' id='word_1_659' title='bbox 1811 2389 1872 2444; x_wconf 83' lang='lat' dir='ltr'><strong>rod.</strong></span> 
     </span>
     <span class='ocr_line' id='line_1_77' title="bbox 1056 2459 1874 2543; baseline 0.022 -32"><span class='ocrx_word' id='word_1_660' title='bbox 1056 2459 1096 2512; x_wconf 85' lang='lat' dir='ltr'><strong>iit.</strong></span> <span class='ocrx_word' id='word_1_661' title='bbox 1114 2459 1159 2512; x_wconf 89' lang='lat' dir='ltr'><strong>ubi</strong></span> <span class='ocrx_word' id='word_1_662' title='bbox 1177 2462 1257 2514; x_wconf 85' lang='lat' dir='ltr'><strong>etiarn</strong></span> <span class='ocrx_word' id='word_1_663' title='bbox 1283 2463 1325 2528; x_wconf 89' lang='lat' dir='ltr'><strong>ia,</strong></span> <span class='ocrx_word' id='word_1_664' title='bbox 1348 2467 1394 2535; x_wconf 87' lang='lat' dir='ltr'><strong>qui</strong></span> <span class='ocrx_word' id='word_1_665' title='bbox 1421 2476 1521 2521; x_wconf 86' lang='lat' dir='ltr'><strong>tunium</strong></span> <span class='ocrx_word' id='word_1_666' title='bbox 1547 2469 1694 2526; x_wconf 74' lang='lat' dir='ltr'><strong>advocanda</strong></span> <span class='ocrx_word' id='word_1_667' title='bbox 1720 2473 1874 2543; x_wconf 84' lang='lat' dir='ltr'><strong>approbarit</strong></span> 
     </span>
     <span class='ocr_line' id='line_1_78' title="bbox 1058 2546 1872 2624; baseline 0.02 -28"><span class='ocrx_word' id='word_1_668' title='bbox 1058 2552 1259 2610; x_wconf 85' lang='lat' dir='ltr'><strong>testamentum,</strong></span> <span class='ocrx_word' id='word_1_669' title='bbox 1278 2546 1341 2600; x_wconf 92' lang='lat' dir='ltr'><strong>illud</strong></span> <span class='ocrx_word' id='word_1_670' title='bbox 1355 2559 1442 2618; x_wconf 92' lang='lat' dir='ltr'><strong>postea</strong></span> <span class='ocrx_word' id='word_1_671' title='bbox 1456 2552 1608 2620; x_wconf 81' lang='lat' dir='ltr'><strong>impugnare</strong></span> <span class='ocrx_word' id='word_1_672' title='bbox 1627 2555 1727 2624; x_wconf 87' lang='lat' dir='ltr'><strong>nequii.</strong></span> <span class='ocrx_word' id='word_1_673' title='bbox 1746 2556 1776 2610; x_wconf 90' lang='lat' dir='ltr'><strong>ln</strong></span> <span class='ocrx_word' id='word_1_674' title='bbox 1795 2557 1872 2612; x_wconf 84' lang='lat' dir='ltr'><strong>adro·</strong></span> 
     </span>
     <span class='ocr_line' id='line_1_79' title="bbox 1056 2627 1873 2708; baseline 0.017 -28"><span class='ocrx_word' id='word_1_675' title='bbox 1056 2637 1113 2680; x_wconf 86' lang='lat' dir='ltr'><strong>outo</strong></span> <span class='ocrx_word' id='word_1_676' title='bbox 1132 2627 1203 2680; x_wconf 85' lang='lat' dir='ltr'><strong>euim</strong></span> <span class='ocrx_word' id='word_1_677' title='bbox 1224 2638 1294 2682; x_wconf 81' lang='lat' dir='ltr'><strong>tertia</strong></span> <span class='ocrx_word' id='word_1_678' title='bbox 1312 2629 1397 2683; x_wconf 78' lang='lat' dir='ltr'><strong>oflicii</strong></span> <span class='ocrx_word' id='word_1_679' title='bbox 1418 2635 1557 2688; x_wconf 86' lang='lat' dir='ltr'><strong>necessitas</strong></span> <span class='ocrx_word' id='word_1_680' title='bbox 1577 2652 1630 2688; x_wconf 91' lang='lat' dir='ltr'><strong>non</strong></span> <span class='ocrx_word' id='word_1_681' title='bbox 1656 2645 1710 2700; x_wconf 87' lang='lat' dir='ltr'><strong>est,</strong></span> <span class='ocrx_word' id='word_1_682' title='bbox 1736 2655 1814 2708; x_wconf 90' lang='lat' dir='ltr'><strong>quam</strong></span> <span class='ocrx_word' id='word_1_683' title='bbox 1844 2641 1873 2695; x_wconf 91' lang='lat' dir='ltr'><strong>in</strong></span> 
     </span>
     <span class='ocr_line' id='line_1_80' title="bbox 1059 2713 1873 2792; baseline 0.016 -29"><span class='ocrx_word' id='word_1_684' title='bbox 1059 2721 1158 2776; x_wconf 62' lang='lat' dir='ltr'><strong>interm</strong></span> <span class='ocrx_word' id='word_1_685' title='bbox 1176 2730 1227 2782; x_wconf 88' lang='lat' dir='ltr'><strong>quo</strong></span> <span class='ocrx_word' id='word_1_686' title='bbox 1247 2713 1330 2782; x_wconf 84' lang='lat' dir='ltr'><strong>magis</strong></span> <span class='ocrx_word' id='word_1_687' title='bbox 1348 2731 1411 2782; x_wconf 81' lang='lat' dir='ltr'><strong>ergo</strong></span> <span class='ocrx_word' id='word_1_688' title='bbox 1429 2719 1518 2770; x_wconf 85' lang='lat' dir='ltr'><strong>rolens</strong></span> <span class='ocrx_word' id='word_1_689' title='bbox 1537 2719 1597 2788; x_wconf 84' lang='lat' dir='ltr'><strong>quis</strong></span> <span class='ocrx_word' id='word_1_690' title='bbox 1614 2719 1647 2772; x_wconf 87' lang='lat' dir='ltr'><strong>ad</strong></span> <span class='ocrx_word' id='word_1_691' title='bbox 1665 2720 1750 2775; x_wconf 86' lang='lat' dir='ltr'><strong>aliena</strong></span> <span class='ocrx_word' id='word_1_692' title='bbox 1770 2722 1873 2792; x_wconf 79' lang='lat' dir='ltr'><strong>negotia</strong></span> 
     </span>
     <span class='ocr_line' id='line_1_81' title="bbox 1057 2796 1873 2861; baseline 0.012 -11"><span class='ocrx_word' id='word_1_693' title='bbox 1057 2813 1085 2850; x_wconf 87' lang='lat' dir='ltr'><strong>se</strong></span> <span class='ocrx_word' id='word_1_694' title='bbox 1104 2796 1223 2861; x_wconf 84' lang='lat' dir='ltr'><strong>confert,</strong></span> <span class='ocrx_word' id='word_1_695' title='bbox 1240 2814 1272 2849; x_wconf 89' lang='lat' dir='ltr'><strong>eo</strong></span> <span class='ocrx_word' id='word_1_696' title='bbox 1292 2798 1380 2850; x_wconf 85' lang='lat' dir='ltr'><strong>miuus</strong></span> <span class='ocrx_word' id='word_1_697' title='bbox 1392 2809 1539 2854; x_wconf 86' lang='lat' dir='ltr'><strong>excusatur.</strong></span> <span class='ocrx_word' id='word_1_698' title='bbox 1554 2801 1606 2854; x_wconf 80' lang='lat' dir='ltr'><strong>Dn.</strong></span> <span class='ocrx_word' id='word_1_699' title='bbox 1619 2801 1719 2856; x_wconf 84' lang='lat' dir='ltr'><strong>Brenn.</strong></span> <span class='ocrx_word' id='word_1_700' title='bbox 1732 2818 1873 2861; x_wconf 84' lang='lat' dir='ltr'><strong>comment.</strong></span> 
     </span>
     <span class='ocr_line' id='line_1_82' title="bbox 1061 2876 1874 2958; baseline 0.017 -26"><span class='ocrx_word' id='word_1_701' title='bbox 1061 2877 1099 2932; x_wconf 87' lang='lat' dir='ltr'><strong>ed</strong></span> <span class='ocrx_word' id='word_1_702' title='bbox 1108 2880 1129 2931; x_wconf 92' lang='lat'><strong>1.</strong></span> <span class='ocrx_word' id='word_1_703' title='bbox 1138 2878 1191 2949; x_wconf 80' lang='lat' dir='ltr'><strong>fin.</strong></span> <span class='ocrx_word' id='word_1_704' title='bbox 1197 2876 1238 2949; x_wconf 83' lang='lat' dir='ltr'><em>ff</em></span> <span class='ocrx_word' id='word_1_705' title='bbox 1249 2881 1282 2934; x_wconf 80' lang='lat' dir='ltr'><strong>de</strong></span> <span class='ocrx_word' id='word_1_706' title='bbox 1296 2880 1378 2952; x_wconf 80' lang='lat' dir='ltr'><strong>inoff.</strong></span> <span class='ocrx_word' id='word_1_707' title='bbox 1394 2893 1453 2937; x_wconf 79' lang='lat' dir='ltr'><strong>rest.</strong></span> <span class='ocrx_word' id='word_1_708' title='bbox 1475 2901 1503 2936; x_wconf 85' lang='lat' dir='ltr'><strong>n.</strong></span> <span class='ocrx_word' id='word_1_709' title='bbox 1516 2885 1542 2936; x_wconf 91' lang='grc'><strong>6.</strong></span> <span class='ocrx_word' id='word_1_710' title='bbox 1555 2896 1582 2939; x_wconf 87' lang='lat' dir='ltr'><strong>et</strong></span> <span class='ocrx_word' id='word_1_711' title='bbox 1592 2903 1664 2958; x_wconf 77' lang='lat' dir='ltr'><strong>seqq.</strong></span> <span class='ocrx_word' id='word_1_712' title='bbox 1684 2888 1728 2942; x_wconf 91' lang='lat' dir='ltr'><strong>ubi</strong></span> <span class='ocrx_word' id='word_1_713' title='bbox 1748 2890 1822 2943; x_wconf 87' lang='lat' dir='ltr'><strong>addit</strong></span> <span class='ocrx_word' id='word_1_714' title='bbox 1841 2909 1874 2946; x_wconf 85' lang='lat' dir='ltr'><strong>ex</strong></span> 
     </span>
     <span class='ocr_line' id='line_1_83' title="bbox 1060 2963 1872 3044; baseline 0.02 -28"><span class='ocrx_word' id='word_1_715' title='bbox 1060 2963 1183 3016; x_wconf 88' lang='lat' dir='ltr'><strong>lttenoeb.</strong></span> <span class='ocrx_word' id='word_1_716' title='bbox 1200 2981 1275 3017; x_wconf 81' lang='lat' dir='ltr'><strong>eone.</strong></span> <span class='ocrx_word' id='word_1_717' title='bbox 1295 2965 1338 3018; x_wconf 88' lang='grc'><strong>68.</strong></span> <span class='ocrx_word' id='word_1_718' title='bbox 1356 2985 1386 3020; x_wconf 88' lang='lat' dir='ltr'><strong>n.</strong></span> <span class='ocrx_word' id='word_1_719' title='bbox 1404 2968 1449 3020; x_wconf 89' lang='grc'><strong>61.</strong></span> <span class='ocrx_word' id='word_1_720' title='bbox 1466 2978 1552 3024; x_wconf 86' lang='lat' dir='ltr'><strong>aetum</strong></span> <span class='ocrx_word' id='word_1_721' title='bbox 1571 2971 1748 3026; x_wconf 77' lang='lat' dir='ltr'><strong>voluntarium</strong></span> <span class='ocrx_word' id='word_1_722' title='bbox 1761 2991 1872 3044; x_wconf 73' lang='lat' dir='ltr'><strong>nocem,</strong></span> 
     </span>
     <span class='ocr_line' id='line_1_84' title="bbox 1061 3050 1319 3104; baseline 0.008 -3"><span class='ocrx_word' id='word_1_723' title='bbox 1061 3067 1113 3104; x_wconf 91' lang='lat' dir='ltr'><strong>non</strong></span> <span class='ocrx_word' id='word_1_724' title='bbox 1132 3050 1319 3103; x_wconf 85' lang='lat' dir='ltr'><strong>neeesseriem.</strong></span> 
     </span>
    </p>

    <p class='ocr_par' dir='ltr' id='par_1_20' title="bbox 1059 3128 1926 3461">
     <span class='ocr_line' id='line_1_85' title="bbox 1095 3128 1926 3217; baseline 0.023 -37"><span class='ocrx_word' id='word_1_725' title='bbox 1095 3128 1246 3184; x_wconf 88' lang='lat' dir='ltr'><strong>incidenter</strong></span> <span class='ocrx_word' id='word_1_726' title='bbox 1265 3131 1308 3182; x_wconf 89' lang='lat' dir='ltr'><strong>bie</strong></span> <span class='ocrx_word' id='word_1_727' title='bbox 1325 3131 1409 3202; x_wconf 87' lang='lat' dir='ltr'><strong>addo,</strong></span> <span class='ocrx_word' id='word_1_728' title='bbox 1427 3135 1497 3206; x_wconf 87' lang='lat' dir='ltr'><strong>qnod</strong></span> <span class='ocrx_word' id='word_1_729' title='bbox 1515 3137 1673 3208; x_wconf 67' lang='lat' dir='ltr'><strong>legatariusr</strong></span> <span class='ocrx_word' id='word_1_730' title='bbox 1692 3141 1741 3212; x_wconf 82' lang='lat' dir='ltr'><strong>qui</strong></span> <span class='ocrx_word' id='word_1_731' title='bbox 1760 3159 1808 3216; x_wconf 92' lang='lat' dir='ltr'><strong>per</strong></span> <span class='ocrx_word' id='word_1_732' title='bbox 1821 3145 1871 3199; x_wconf 89' lang='lat' dir='ltr'><strong>mi·</strong></span> <span class='ocrx_word' id='word_1_733' title='bbox 1891 3165 1926 3217; x_wconf 70' lang='lat'><strong>90</strong></span> 
     </span>
     <span class='ocr_line' id='line_1_86' title="bbox 1059 3215 1870 3290; baseline 0.015 -20"><span class='ocrx_word' id='word_1_734' title='bbox 1059 3215 1147 3272; x_wconf 78' lang='lat' dir='ltr'><strong>litium</strong></span> <span class='ocrx_word' id='word_1_735' title='bbox 1165 3218 1205 3272; x_wconf 90' lang='lat' dir='ltr'><strong>rel</strong></span> <span class='ocrx_word' id='word_1_736' title='bbox 1222 3215 1309 3271; x_wconf 87' lang='lat' dir='ltr'><strong>cilicii</strong></span> <span class='ocrx_word' id='word_1_737' title='bbox 1328 3219 1430 3290; x_wconf 86' lang='lat' dir='ltr'><strong>publici</strong></span> <span class='ocrx_word' id='word_1_738' title='bbox 1454 3222 1555 3278; x_wconf 88' lang='lat' dir='ltr'><strong>ratione</strong></span> <span class='ocrx_word' id='word_1_739' title='bbox 1576 3223 1757 3280; x_wconf 90' lang='lat' dir='ltr'><strong>conditionem</strong></span> <span class='ocrx_word' id='word_1_740' title='bbox 1776 3227 1805 3279; x_wconf 89' lang='lat' dir='ltr'><strong>in</strong></span> <span class='ocrx_word' id='word_1_741' title='bbox 1830 3239 1870 3282; x_wconf 92' lang='lat' dir='ltr'><strong>te·</strong></span> 
     </span>
     <span class='ocr_line' id='line_1_87' title="bbox 1059 3302 1872 3379; baseline 0.015 -27"><span class='ocrx_word' id='word_1_742' title='bbox 1059 3311 1188 3356; x_wconf 89' lang='lat' dir='ltr'><strong>stameuto</strong></span> <span class='ocrx_word' id='word_1_743' title='bbox 1207 3302 1352 3370; x_wconf 82' lang='lat' dir='ltr'><strong>appositam</strong></span> <span class='ocrx_word' id='word_1_744' title='bbox 1371 3302 1519 3373; x_wconf 87' lang='lat' dir='ltr'><strong>adimplere</strong></span> <span class='ocrx_word' id='word_1_745' title='bbox 1537 3304 1707 3374; x_wconf 90' lang='lat' dir='ltr'><strong>prohibetur,</strong></span> <span class='ocrx_word' id='word_1_746' title='bbox 1732 3317 1872 3379; x_wconf 84' lang='lat' dir='ltr'><strong>propterea</strong></span> 
     </span>
     <span class='ocr_line' id='line_1_88' title="bbox 1059 3382 1871 3461; baseline 0.017 -29"><span class='ocrx_word' id='word_1_747' title='bbox 1059 3382 1174 3450; x_wconf 82' lang='lat' dir='ltr'><strong>legatum</strong></span> <span class='ocrx_word' id='word_1_748' title='bbox 1195 3399 1249 3436; x_wconf 87' lang='lat' dir='ltr'><strong>non</strong></span> <span class='ocrx_word' id='word_1_749' title='bbox 1269 3385 1380 3438; x_wconf 87' lang='lat' dir='ltr'><strong>amittat.</strong></span> <span class='ocrx_word' id='word_1_750' title='bbox 1400 3385 1503 3438; x_wconf 85' lang='lat' dir='ltr'><strong>Brenn.</strong></span> <span class='ocrx_word' id='word_1_751' title='bbox 1522 3385 1560 3438; x_wconf 86' lang='lat' dir='ltr'><strong>ad</strong></span> <span class='ocrx_word' id='word_1_752' title='bbox 1575 3387 1593 3440; x_wconf 88' lang='grc'><strong>4.</strong></span> <span class='ocrx_word' id='word_1_753' title='bbox 1612 3389 1639 3442; x_wconf 80' lang='lat'><strong>8.</strong></span> <span class='ocrx_word' id='word_1_754' title='bbox 1657 3405 1680 3442; x_wconf 88' lang='lat' dir='ltr'><strong>c.</strong></span> <span class='ocrx_word' id='word_1_755' title='bbox 1698 3389 1792 3461; x_wconf 66' lang='lat' dir='ltr'><strong>deleg.</strong></span> <span class='ocrx_word' id='word_1_756' title='bbox 1804 3409 1831 3444; x_wconf 92' lang='grc' dir='ltr'><strong>ιι.</strong></span> <span class='ocrx_word' id='word_1_757' title='bbox 1846 3395 1871 3446; x_wconf 88' lang='grc'><strong>3.</strong></span> 
     </span>
    </p>
   </div>
   <div class='ocr_carea' id='block_1_12' title="bbox 1040 3463 1871 3542">
    <p class='ocr_par' dir='ltr' id='par_1_21' title="bbox 1040 3463 1871 3542">
     <span class='ocr_line' id='line_1_89' title="bbox 1040 3463 1871 3542; baseline 0.014 -23"><span class='ocrx_word' id='word_1_758' title='bbox 1040 3509 1048 3519; x_wconf 95' lang='grc'>.</span> <span class='ocrx_word' id='word_1_759' title='bbox 1062 3465 1156 3519; x_wconf 81' lang='lat' dir='ltr'><strong>bttiott.</strong></span> <span class='ocrx_word' id='word_1_760' title='bbox 1175 3463 1298 3538; x_wconf 76' lang='lat' dir='ltr'><strong>Blagglut</strong></span> <span class='ocrx_word' id='word_1_761' title='bbox 1316 3467 1349 3521; x_wconf 81' lang='lat' dir='ltr'><strong>de</strong></span> <span class='ocrx_word' id='word_1_762' title='bbox 1362 3469 1435 3524; x_wconf 79' lang='lat' dir='ltr'><strong>intel.</strong></span> <span class='ocrx_word' id='word_1_763' title='bbox 1447 3489 1494 3542; x_wconf 85' lang='lat' dir='ltr'><strong>qu.</strong></span> <span class='ocrx_word' id='word_1_764' title='bbox 1520 3471 1563 3524; x_wconf 80' lang='lat'><strong>1³.</strong></span> <span class='ocrx_word' id='word_1_765' title='bbox 1577 3489 1605 3526; x_wconf 88' lang='grc' dir='ltr'><strong>ιι.</strong></span> <span class='ocrx_word' id='word_1_766' title='bbox 1616 3473 1641 3526; x_wconf 79' lang='grc'><strong>6.</strong></span> <span class='ocrx_word' id='word_1_767' title='bbox 1654 3472 1762 3529; x_wconf 79' lang='lat' dir='ltr'><strong>Gntier.</strong></span> <span class='ocrx_word' id='word_1_768' title='bbox 1778 3475 1812 3528; x_wconf 79' lang='lat' dir='ltr'><strong>de</strong></span> <span class='ocrx_word' id='word_1_769' title='bbox 1829 3487 1871 3532; x_wconf 88' lang='grc' dir='ltr'>ιιι·</span> 
     </span>
    </p>
   </div>
   <div class='ocr_carea' id='block_1_13' title="bbox 1058 3551 1364 3620">
    <p class='ocr_par' dir='ltr' id='par_1_22' title="bbox 1058 3551 1364 3620">
     <span class='ocr_line' id='line_1_90' title="bbox 1058 3551 1364 3620; baseline -0.003 -16"><span class='ocrx_word' id='word_1_770' title='bbox 1058 3551 1103 3610; x_wconf 71' lang='grc' dir='ltr'><strong>ιι.</strong></span> <span class='ocrx_word' id='word_1_771' title='bbox 1112 3567 1138 3620; x_wconf 72' lang='lat' dir='ltr'><strong>p.</strong></span> <span class='ocrx_word' id='word_1_772' title='bbox 1152 3553 1178 3604; x_wconf 91' lang='lat'><strong>1.</strong></span> <span class='ocrx_word' id='word_1_773' title='bbox 1187 3567 1210 3604; x_wconf 70' lang='grc' dir='ltr'>ο.</span> <span class='ocrx_word' id='word_1_774' title='bbox 1222 3551 1265 3604; x_wconf 83' lang='lat' dir='ltr'><strong>aa.</strong></span> <span class='ocrx_word' id='word_1_775' title='bbox 1279 3569 1307 3606; x_wconf 75' lang='lat' dir='ltr'><strong>n.</strong></span> <span class='ocrx_word' id='word_1_776' title='bbox 1322 3554 1364 3605; x_wconf 87' lang='lat'><strong>10.</strong></span> 
     </span>
    </p>
   </div>
   <div class='ocr_carea' id='block_1_14' title="bbox 1052 3637 1926 4800">
    <p class='ocr_par' dir='ltr' id='par_1_23' title="bbox 1052 3637 1926 4624">
     <span class='ocr_line' id='line_1_91' title="bbox 1095 3637 1926 3712; baseline 0.019 -23"><span class='ocrx_word' id='word_1_777' title='bbox 1095 3637 1236 3692; x_wconf 83' lang='lat' dir='ltr'><strong>Coronidis</strong></span> <span class='ocrx_word' id='word_1_778' title='bbox 1254 3641 1311 3693; x_wconf 88' lang='lat' dir='ltr'><strong>ioco</strong></span> <span class='ocrx_word' id='word_1_779' title='bbox 1324 3649 1352 3694; x_wconf 92' lang='lat' dir='ltr'><strong>et</strong></span> <span class='ocrx_word' id='word_1_780' title='bbox 1364 3640 1414 3696; x_wconf 88' lang='lat' dir='ltr'><strong>boe</strong></span> <span class='ocrx_word' id='word_1_781' title='bbox 1426 3647 1561 3712; x_wconf 87' lang='lat' dir='ltr'><strong>notamus,</strong></span> <span class='ocrx_word' id='word_1_782' title='bbox 1581 3643 1657 3698; x_wconf 87' lang='lat' dir='ltr'><strong>illum</strong></span> <span class='ocrx_word' id='word_1_783' title='bbox 1675 3645 1718 3700; x_wconf 90' lang='lat' dir='ltr'><strong>oni</strong></span> <span class='ocrx_word' id='word_1_784' title='bbox 1730 3655 1872 3704; x_wconf 82' lang='lat' dir='ltr'><strong>testamen·</strong></span> <span class='ocrx_word' id='word_1_785' title='bbox 1891 3658 1926 3711; x_wconf 77' lang='lat'><strong>01</strong></span> 
     </span>
     <span class='ocr_line' id='line_1_92' title="bbox 1062 3719 1874 3800; baseline 0.015 -26"><span class='ocrx_word' id='word_1_786' title='bbox 1062 3731 1087 3774; x_wconf 94' lang='lat' dir='ltr'><strong>io</strong></span> <span class='ocrx_word' id='word_1_787' title='bbox 1104 3719 1173 3790; x_wconf 87' lang='lat' dir='ltr'><strong>quid</strong></span> <span class='ocrx_word' id='word_1_788' title='bbox 1186 3721 1350 3792; x_wconf 84' lang='lat' dir='ltr'><strong>injunctum,</strong></span> <span class='ocrx_word' id='word_1_789' title='bbox 1376 3735 1422 3779; x_wconf 92' lang='lat' dir='ltr'><strong>aut</strong></span> <span class='ocrx_word' id='word_1_790' title='bbox 1446 3723 1566 3780; x_wconf 79' lang='lat' dir='ltr'><strong>officinm</strong></span> <span class='ocrx_word' id='word_1_791' title='bbox 1592 3729 1697 3800; x_wconf 86' lang='lat' dir='ltr'><strong>aliquod</strong></span> <span class='ocrx_word' id='word_1_792' title='bbox 1718 3747 1732 3782; x_wconf 89' lang='lat' dir='ltr'><strong>a</strong></span> <span class='ocrx_word' id='word_1_793' title='bbox 1751 3739 1874 3786; x_wconf 88' lang='lat' dir='ltr'><strong>testatore</strong></span> 
     </span>
     <span class='ocr_line' id='line_1_93' title="bbox 1059 3803 1870 3884; baseline 0.02 -29"><span class='ocrx_word' id='word_1_794' title='bbox 1059 3803 1244 3870; x_wconf 86' lang='lat' dir='ltr'><strong>commissum,</strong></span> <span class='ocrx_word' id='word_1_795' title='bbox 1261 3807 1381 3861; x_wconf 84' lang='lat' dir='ltr'><strong>excusari</strong></span> <span class='ocrx_word' id='word_1_796' title='bbox 1398 3805 1483 3884; x_wconf 82' lang='lat' dir='ltr'><strong>cilicii</strong></span> <span class='ocrx_word' id='word_1_797' title='bbox 1502 3812 1676 3878; x_wconf 76' lang='lat' dir='ltr'><strong>necessitate,</strong></span> <span class='ocrx_word' id='word_1_798' title='bbox 1690 3813 1712 3866; x_wconf 85' lang='lat' dir='ltr'><strong>si</strong></span> <span class='ocrx_word' id='word_1_799' title='bbox 1725 3813 1753 3866; x_wconf 81' lang='lat' dir='ltr'><strong>it</strong></span> <span class='ocrx_word' id='word_1_800' title='bbox 1767 3813 1870 3880; x_wconf 81' lang='lat' dir='ltr'><strong>iecerit,</strong></span> 
     </span>
     <span class='ocr_line' id='line_1_94' title="bbox 1058 3887 1926 3965; baseline 0.016 -25"><span class='ocrx_word' id='word_1_801' title='bbox 1058 3887 1126 3957; x_wconf 89' lang='lat' dir='ltr'><strong>quod</strong></span> <span class='ocrx_word' id='word_1_802' title='bbox 1140 3887 1192 3942; x_wconf 87' lang='lat' dir='ltr'><strong>sibi</strong></span> <span class='ocrx_word' id='word_1_803' title='bbox 1205 3887 1366 3959; x_wconf 85' lang='lat' dir='ltr'><strong>injunctum,</strong></span> <span class='ocrx_word' id='word_1_804' title='bbox 1384 3892 1534 3962; x_wconf 88' lang='lat' dir='ltr'><strong>exemplum</strong></span> <span class='ocrx_word' id='word_1_805' title='bbox 1552 3894 1672 3965; x_wconf 87' lang='lat' dir='ltr'><strong>superius</strong></span> <span class='ocrx_word' id='word_1_806' title='bbox 1690 3897 1830 3953; x_wconf 88' lang='lat' dir='ltr'><strong>babuimus</strong></span> <span class='ocrx_word' id='word_1_807' title='bbox 1844 3903 1871 3953; x_wconf 90' lang='lat' dir='ltr'><strong>in</strong></span> <span class='ocrx_word' id='word_1_808' title='bbox 1891 3915 1926 3965; x_wconf 72' lang='lat'><strong>92</strong></span> 
     </span>
     <span class='ocr_line' id='line_1_95' title="bbox 1060 3973 1869 4045; baseline 0.014 -21"><span class='ocrx_word' id='word_1_809' title='bbox 1060 3984 1211 4028; x_wconf 80' lang='lat' dir='ltr'><strong>exsecutore</strong></span> <span class='ocrx_word' id='word_1_810' title='bbox 1230 3973 1398 4039; x_wconf 63' lang='lat' dir='ltr'><strong>testamentis</strong></span> <span class='ocrx_word' id='word_1_811' title='bbox 1416 3974 1485 4045; x_wconf 86' lang='lat' dir='ltr'><strong>quod</strong></span> <span class='ocrx_word' id='word_1_812' title='bbox 1504 3975 1527 4028; x_wconf 92' lang='lat' dir='ltr'><strong>si</strong></span> <span class='ocrx_word' id='word_1_813' title='bbox 1546 3993 1580 4029; x_wconf 91' lang='lat' dir='ltr'><strong>ex</strong></span> <span class='ocrx_word' id='word_1_814' title='bbox 1598 3978 1730 4033; x_wconf 81' lang='lat' dir='ltr'><strong>voluntate</strong></span> <span class='ocrx_word' id='word_1_815' title='bbox 1743 3985 1869 4036; x_wconf 87' lang='lat' dir='ltr'><strong>testatoris</strong></span> 
     </span>
     <span class='ocr_line' id='line_1_96' title="bbox 1060 4055 1867 4132; baseline 0.007 -22"><span class='ocrx_word' id='word_1_816' title='bbox 1060 4055 1169 4122; x_wconf 82' lang='lat' dir='ltr'><strong>raudai,</strong></span> <span class='ocrx_word' id='word_1_817' title='bbox 1186 4073 1240 4110; x_wconf 89' lang='lat' dir='ltr'><strong>non</strong></span> <span class='ocrx_word' id='word_1_818' title='bbox 1257 4067 1376 4112; x_wconf 86' lang='lat' dir='ltr'><strong>teneatur</strong></span> <span class='ocrx_word' id='word_1_819' title='bbox 1388 4055 1420 4110; x_wconf 90' lang='lat' dir='ltr'><strong>de</strong></span> <span class='ocrx_word' id='word_1_820' title='bbox 1433 4057 1569 4124; x_wconf 78' lang='lat' dir='ltr'><strong>evictione,</strong></span> <span class='ocrx_word' id='word_1_821' title='bbox 1587 4059 1640 4115; x_wconf 85' lang='lat' dir='ltr'><strong>rid.</strong></span> <span class='ocrx_word' id='word_1_822' title='bbox 1659 4059 1751 4132; x_wconf 84' lang='lat' dir='ltr'><strong>Spino.</strong></span> <span class='ocrx_word' id='word_1_823' title='bbox 1763 4066 1797 4118; x_wconf 80' lang='lat' dir='ltr'><strong>de</strong></span> <span class='ocrx_word' id='word_1_824' title='bbox 1809 4076 1867 4119; x_wconf 84' lang='lat' dir='ltr'><strong>tert.</strong></span> 
     </span>
     <span class='ocr_line' id='line_1_97' title="bbox 1058 4137 1869 4204; baseline 0.014 -14"><span class='ocrx_word' id='word_1_825' title='bbox 1058 4143 1099 4192; x_wconf 82' lang='lat' dir='ltr'><strong>tir.</strong></span> <span class='ocrx_word' id='word_1_826' title='bbox 1125 4141 1158 4195; x_wconf 83' lang='lat' dir='ltr'><strong>de</strong></span> <span class='ocrx_word' id='word_1_827' title='bbox 1181 4151 1287 4194; x_wconf 77' lang='lat' dir='ltr'><strong>eaeeeut.</strong></span> <span class='ocrx_word' id='word_1_828' title='bbox 1305 4160 1334 4194; x_wconf 88' lang='grc' dir='ltr'><strong>ιι.</strong></span> <span class='ocrx_word' id='word_1_829' title='bbox 1355 4141 1398 4193; x_wconf 88' lang='grc'><strong>31.</strong></span> <span class='ocrx_word' id='word_1_830' title='bbox 1417 4141 1522 4193; x_wconf 85' lang='lat' dir='ltr'><strong>Pariter</strong></span> <span class='ocrx_word' id='word_1_831' title='bbox 1539 4137 1603 4194; x_wconf 86' lang='lat' dir='ltr'><strong>fidei</strong></span> <span class='ocrx_word' id='word_1_832' title='bbox 1623 4144 1798 4199; x_wconf 80' lang='lat' dir='ltr'><strong>commissarii</strong></span> <span class='ocrx_word' id='word_1_833' title='bbox 1817 4149 1869 4204; x_wconf 81' lang='lat' dir='ltr'><strong>clati</strong></span> 
     </span>
     <span class='ocr_line' id='line_1_98' title="bbox 1059 4223 1868 4298; baseline 0.005 -18"><span class='ocrx_word' id='word_1_834' title='bbox 1059 4225 1093 4280; x_wconf 90' lang='lat' dir='ltr'><strong>ad</strong></span> <span class='ocrx_word' id='word_1_835' title='bbox 1110 4224 1326 4279; x_wconf 85' lang='lat' dir='ltr'><strong>distribuendum</strong></span> <span class='ocrx_word' id='word_1_836' title='bbox 1343 4225 1384 4280; x_wconf 88' lang='lat' dir='ltr'><strong>rel</strong></span> <span class='ocrx_word' id='word_1_837' title='bbox 1402 4223 1595 4279; x_wconf 88' lang='lat' dir='ltr'><strong>restituendum</strong></span> <span class='ocrx_word' id='word_1_838' title='bbox 1608 4228 1780 4298; x_wconf 81' lang='lat' dir='ltr'><strong>puaperibus,</strong></span> <span class='ocrx_word' id='word_1_839' title='bbox 1792 4232 1816 4282; x_wconf 87' lang='lat' dir='ltr'><strong>si</strong></span> <span class='ocrx_word' id='word_1_840' title='bbox 1829 4231 1868 4284; x_wconf 86' lang='lat' dir='ltr'><strong>di·</strong></span> 
     </span>
     <span class='ocr_line' id='line_1_99' title="bbox 1054 4308 1868 4381; baseline 0.009 -17"><span class='ocrx_word' id='word_1_841' title='bbox 1054 4308 1222 4364; x_wconf 89' lang='lat' dir='ltr'><strong>atribuerunt</strong></span> <span class='ocrx_word' id='word_1_842' title='bbox 1238 4310 1279 4364; x_wconf 86' lang='lat' dir='ltr'><strong>ael</strong></span> <span class='ocrx_word' id='word_1_843' title='bbox 1296 4309 1466 4362; x_wconf 88' lang='lat' dir='ltr'><strong>restituerant</strong></span> <span class='ocrx_word' id='word_1_844' title='bbox 1484 4309 1558 4375; x_wconf 86' lang='lat' dir='ltr'><strong>juxta</strong></span> <span class='ocrx_word' id='word_1_845' title='bbox 1578 4321 1690 4364; x_wconf 88' lang='lat' dir='ltr'><strong>mentem</strong></span> <span class='ocrx_word' id='word_1_846' title='bbox 1718 4317 1868 4381; x_wconf 88' lang='lat' dir='ltr'><strong>testatoris,</strong></span> 
     </span>
     <span class='ocr_line' id='line_1_100' title="bbox 1052 4388 1870 4471; baseline 0.009 -27"><span class='ocrx_word' id='word_1_847' title='bbox 1052 4407 1107 4444; x_wconf 88' lang='lat' dir='ltr'><strong>non</strong></span> <span class='ocrx_word' id='word_1_848' title='bbox 1125 4399 1234 4461; x_wconf 89' lang='lat' dir='ltr'><strong>possunt</strong></span> <span class='ocrx_word' id='word_1_849' title='bbox 1257 4389 1391 4450; x_wconf 82' lang='lat' dir='ltr'><strong>eonreniri</strong></span> <span class='ocrx_word' id='word_1_850' title='bbox 1419 4388 1451 4441; x_wconf 91' lang='lat' dir='ltr'><strong>ab</strong></span> <span class='ocrx_word' id='word_1_851' title='bbox 1470 4405 1518 4455; x_wconf 90' lang='lat' dir='ltr'><strong>eo,</strong></span> <span class='ocrx_word' id='word_1_852' title='bbox 1537 4391 1582 4461; x_wconf 87' lang='lat' dir='ltr'><strong>qni</strong></span> <span class='ocrx_word' id='word_1_853' title='bbox 1607 4395 1772 4463; x_wconf 85' lang='lat' dir='ltr'><strong>praetendit,</strong></span> <span class='ocrx_word' id='word_1_854' title='bbox 1797 4402 1870 4471; x_wconf 81' lang='lat' dir='ltr'><strong>quod</strong></span> 
     </span>
     <span class='ocr_line' id='line_1_101' title="bbox 1054 4471 1870 4554; baseline 0.018 -30"><span class='ocrx_word' id='word_1_855' title='bbox 1054 4471 1213 4543; x_wconf 85' lang='lat' dir='ltr'><strong>pauperibus</strong></span> <span class='ocrx_word' id='word_1_856' title='bbox 1232 4472 1393 4526; x_wconf 89' lang='lat' dir='ltr'><strong>distributio</strong></span> <span class='ocrx_word' id='word_1_857' title='bbox 1412 4489 1465 4526; x_wconf 90' lang='lat' dir='ltr'><strong>non</strong></span> <span class='ocrx_word' id='word_1_858' title='bbox 1485 4473 1619 4530; x_wconf 84' lang='lat' dir='ltr'><strong>debuisset</strong></span> <span class='ocrx_word' id='word_1_859' title='bbox 1644 4473 1721 4546; x_wconf 88' lang='lat' dir='ltr'><strong>lieri,</strong></span> <span class='ocrx_word' id='word_1_860' title='bbox 1739 4487 1801 4554; x_wconf 89' lang='lat' dir='ltr'><strong>quia</strong></span> <span class='ocrx_word' id='word_1_861' title='bbox 1829 4487 1870 4541; x_wconf 88' lang='lat' dir='ltr'><strong>oi-</strong></span> 
     </span>
     <span class='ocr_line' id='line_1_102' title="bbox 1053 4554 1868 4624; baseline 0.012 -14"><span class='ocrx_word' id='word_1_862' title='bbox 1053 4554 1145 4610; x_wconf 82' lang='lat' dir='ltr'><strong>bciom</strong></span> <span class='ocrx_word' id='word_1_863' title='bbox 1158 4555 1260 4609; x_wconf 89' lang='lat' dir='ltr'><strong>nemini</strong></span> <span class='ocrx_word' id='word_1_864' title='bbox 1273 4555 1352 4610; x_wconf 89' lang='lat' dir='ltr'><strong>debet</strong></span> <span class='ocrx_word' id='word_1_865' title='bbox 1363 4572 1420 4611; x_wconf 88' lang='lat' dir='ltr'><strong>esse</strong></span> <span class='ocrx_word' id='word_1_866' title='bbox 1432 4555 1767 4619; x_wconf 65' lang='lat' dir='ltr'><strong>inneneuuendiun.</strong></span> <span class='ocrx_word' id='word_1_867' title='bbox 1779 4573 1868 4624; x_wconf 74' lang='lat' dir='ltr'><strong>conci.</strong></span> 
     </span>
    </p>

    <p class='ocr_par' dir='ltr' id='par_1_24' title="bbox 1053 4640 1869 4800">
     <span class='ocr_line' id='line_1_103' title="bbox 1055 4640 1869 4716; baseline 0.015 -22"><span class='ocrx_word' id='word_1_868' title='bbox 1055 4641 1099 4694; x_wconf 88' lang='grc'><strong>34.</strong></span> <span class='ocrx_word' id='word_1_869' title='bbox 1118 4661 1147 4696; x_wconf 92' lang='lat' dir='ltr'><strong>n.</strong></span> <span class='ocrx_word' id='word_1_870' title='bbox 1165 4640 1191 4692; x_wconf 77' lang='grc'><strong>1.</strong></span> <span class='ocrx_word' id='word_1_871' title='bbox 1208 4642 1260 4696; x_wconf 82' lang='lat' dir='ltr'><strong>roi.</strong></span> <span class='ocrx_word' id='word_1_872' title='bbox 1279 4643 1306 4694; x_wconf 88' lang='grc'><strong>6.</strong></span> <span class='ocrx_word' id='word_1_873' title='bbox 1326 4643 1404 4696; x_wconf 82' lang='lat' dir='ltr'><strong>Plura</strong></span> <span class='ocrx_word' id='word_1_874' title='bbox 1423 4643 1550 4696; x_wconf 90' lang='lat' dir='ltr'><strong>notabilia</strong></span> <span class='ocrx_word' id='word_1_875' title='bbox 1564 4644 1595 4696; x_wconf 92' lang='lat' dir='ltr'><strong>in</strong></span> <span class='ocrx_word' id='word_1_876' title='bbox 1613 4650 1748 4716; x_wconf 86' lang='lat' dir='ltr'><strong>praesenti</strong></span> <span class='ocrx_word' id='word_1_877' title='bbox 1762 4669 1813 4706; x_wconf 89' lang='lat' dir='ltr'><strong>non</strong></span> <span class='ocrx_word' id='word_1_878' title='bbox 1825 4673 1869 4710; x_wconf 86' lang='lat' dir='ltr'><strong>oe-</strong></span> 
     </span>
     <span class='ocr_line' id='line_1_104' title="bbox 1053 4725 1683 4800; baseline 0.008 -23"><span class='ocrx_word' id='word_1_879' title='bbox 1053 4735 1176 4792; x_wconf 88' lang='lat' dir='ltr'><strong>currunt,</strong></span> <span class='ocrx_word' id='word_1_880' title='bbox 1187 4725 1251 4780; x_wconf 88' lang='lat' dir='ltr'><strong>bine</strong></span> <span class='ocrx_word' id='word_1_881' title='bbox 1265 4725 1510 4800; x_wconf 74' lang='lat' dir='ltr'><strong>transgrediendum</strong></span> <span class='ocrx_word' id='word_1_882' title='bbox 1522 4728 1557 4782; x_wconf 90' lang='lat' dir='ltr'><strong>ad</strong></span> <span class='ocrx_word' id='word_1_883' title='bbox 1570 4725 1683 4784; x_wconf 86' lang='lat' dir='ltr'><strong>delleta.</strong></span> 
     </span>
    </p>
   </div>
   <div class='ocr_carea' id='block_1_15' title="bbox 846 4885 1205 4958">
    <p class='ocr_par' dir='ltr' id='par_1_25' title="bbox 846 4885 1205 4958">
     <span class='ocr_line' id='line_1_105' title="bbox 846 4885 1205 4958; baseline 0 -4"><span class='ocrx_word' id='word_1_884' title='bbox 846 4885 1094 4955; x_wconf 79' lang='lat' dir='ltr'><strong>GaPUT</strong></span> <span class='ocrx_word' id='word_1_885' title='bbox 1140 4887 1205 4958; x_wconf 83' lang='lat' dir='ltr'><strong>tv.</strong></span> 
     </span>
    </p>
   </div>
   <div class='ocr_carea' id='block_1_16' title="bbox 676 5056 1377 5151">
    <p class='ocr_par' dir='ltr' id='par_1_26' title="bbox 676 5056 1377 5151">
     <span class='ocr_line' id='line_1_106' title="bbox 676 5056 1377 5151; baseline 0.003 -26"><span class='ocrx_word' id='word_1_886' title='bbox 676 5057 740 5125; x_wconf 83' lang='lat' dir='ltr'><strong>Do</strong></span> <span class='ocrx_word' id='word_1_887' title='bbox 757 5062 957 5128; x_wconf 76' lang='grc' dir='ltr'>ηειιιιίιαιι</span> <span class='ocrx_word' id='word_1_888' title='bbox 987 5056 1095 5151; x_wconf 75' lang='lat' dir='ltr'><strong>offleii</strong></span> <span class='ocrx_word' id='word_1_889' title='bbox 1115 5056 1214 5126; x_wconf 82' lang='lat' dir='ltr'><strong>eirca</strong></span> <span class='ocrx_word' id='word_1_890' title='bbox 1238 5057 1377 5130; x_wconf 84' lang='lat' dir='ltr'><strong>delicte.</strong></span> 
     </span>
    </p>
   </div>
   <div class='ocr_carea' id='block_1_17' title="bbox 432 5221 769 5284">
    <p class='ocr_par' dir='ltr' id='par_1_27' title="bbox 432 5221 769 5284">
     <span class='ocr_line' id='line_1_107' title="bbox 432 5221 769 5284; baseline 0.006 -2"><span class='ocrx_word' id='word_1_891' title='bbox 432 5221 769 5284; x_wconf 67' lang='lat' dir='ltr'><strong>s‘etttitAtttn</strong></span> 
     </span>
    </p>
   </div>
   <div class='ocr_carea' id='block_1_18' title="bbox 188 5391 999 5635">
    <p class='ocr_par' dir='ltr' id='par_1_28' title="bbox 188 5391 999 5635">
     <span class='ocr_line' id='line_1_108' title="bbox 193 5391 706 5467; baseline -0.012 -16"><span class='ocrx_word' id='word_1_892' title='bbox 193 5395 266 5464; x_wconf 78' lang='lat' dir='ltr'><strong>Qur&#39;d</strong></span> <span class='ocrx_word' id='word_1_893' title='bbox 275 5396 302 5450; x_wconf 87' lang='grc' dir='ltr'><strong>ιἰι</strong></span> <span class='ocrx_word' id='word_1_894' title='bbox 315 5395 366 5451; x_wconf 78' lang='lat' dir='ltr'><strong>doe</strong></span> <span class='ocrx_word' id='word_1_895' title='bbox 377 5393 464 5467; x_wconf 74' lang='lat' dir='ltr'><strong>sopite</strong></span> <span class='ocrx_word' id='word_1_896' title='bbox 476 5391 627 5448; x_wconf 69' lang='grc' dir='ltr'>ιναιιιιιιιὲ</span> <span class='ocrx_word' id='word_1_897' title='bbox 640 5411 668 5445; x_wconf 89' lang='grc' dir='ltr'><strong>ιι.</strong></span> <span class='ocrx_word' id='word_1_898' title='bbox 682 5396 706 5445; x_wconf 93' lang='grc'><strong>1.</strong></span> 
     </span>
     <span class='ocr_line' id='line_1_109' title="bbox 189 5478 911 5549; baseline 0.003 -17"><span class='ocrx_word' id='word_1_899' title='bbox 189 5482 327 5538; x_wconf 76' lang='lat' dir='ltr'><strong>Ecclesiae</strong></span> <span class='ocrx_word' id='word_1_900' title='bbox 342 5481 461 5536; x_wconf 80' lang='lat' dir='ltr'><strong>ministri</strong></span> <span class='ocrx_word' id='word_1_901' title='bbox 471 5480 539 5534; x_wconf 82' lang='lat' dir='ltr'><strong>viiie</strong></span> <span class='ocrx_word' id='word_1_902' title='bbox 551 5478 685 5549; x_wconf 75' lang='lat' dir='ltr'><strong>eom&#39;gere</strong></span> <span class='ocrx_word' id='word_1_903' title='bbox 697 5490 832 5536; x_wconf 78' lang='lat' dir='ltr'><strong>tenentur·</strong></span> <span class='ocrx_word' id='word_1_904' title='bbox 846 5499 870 5534; x_wconf 92' lang='grc' dir='ltr'><strong>ιι.</strong></span> <span class='ocrx_word' id='word_1_905' title='bbox 886 5483 911 5535; x_wconf 75' lang='grc'><strong>1.</strong></span> 
     </span>
     <span class='ocr_line' id='line_1_110' title="bbox 188 5563 999 5635; baseline -0.001 -18"><span class='ocrx_word' id='word_1_906' title='bbox 188 5569 214 5615; x_wconf 82' lang='lat' dir='ltr'><em>A</em></span> <span class='ocrx_word' id='word_1_907' title='bbox 218 5584 235 5618; x_wconf 90' lang='lat' dir='ltr'><strong>n</strong></span> <span class='ocrx_word' id='word_1_908' title='bbox 248 5567 273 5618; x_wconf 85' lang='lat' dir='ltr'><strong>si</strong></span> <span class='ocrx_word' id='word_1_909' title='bbox 278 5566 366 5618; x_wconf 83' lang='lat' dir='ltr'><strong>minus</strong></span> <span class='ocrx_word' id='word_1_910' title='bbox 380 5575 446 5620; x_wconf 84' lang='lat' dir='ltr'><strong>tecte</strong></span> <span class='ocrx_word' id='word_1_911' title='bbox 455 5580 597 5635; x_wconf 83' lang='lat' dir='ltr'><strong>personum</strong></span> <span class='ocrx_word' id='word_1_912' title='bbox 607 5563 728 5634; x_wconf 80' lang='lat' dir='ltr'><strong>utiquam</strong></span> <span class='ocrx_word' id='word_1_913' title='bbox 743 5566 905 5632; x_wconf 73' lang='lat' dir='ltr'><strong>notaverint,</strong></span> <span class='ocrx_word' id='word_1_914' title='bbox 915 5563 999 5630; x_wconf 68' lang='lat' dir='ltr'><strong>ectio·</strong></span> 
     </span>
    </p>
   </div>
   <div class='ocr_carea' id='block_1_19' title="bbox 1052 5229 1867 5468">
    <p class='ocr_par' dir='ltr' id='par_1_29' title="bbox 1052 5229 1867 5468">
     <span class='ocr_line' id='line_1_111' title="bbox 1083 5229 1867 5306; baseline 0.011 -22"><span class='ocrx_word' id='word_1_915' title='bbox 1083 5246 1121 5284; x_wconf 88' lang='lat' dir='ltr'><strong>ne</strong></span> <span class='ocrx_word' id='word_1_916' title='bbox 1130 5229 1295 5303; x_wconf 80' lang='lat' dir='ltr'><strong>injuriarum</strong></span> <span class='ocrx_word' id='word_1_917' title='bbox 1305 5231 1444 5287; x_wconf 76' lang='lat' dir='ltr'><strong>conveniri</strong></span> <span class='ocrx_word' id='word_1_918' title='bbox 1452 5234 1570 5298; x_wconf 79' lang='lat' dir='ltr'><strong>possint,</strong></span> <span class='ocrx_word' id='word_1_919' title='bbox 1585 5234 1770 5306; x_wconf 77' lang='lat' dir='ltr'><strong>disquiritur?</strong></span> <span class='ocrx_word' id='word_1_920' title='bbox 1795 5261 1823 5295; x_wconf 78' lang='lat' dir='ltr'><strong>n.</strong></span> <span class='ocrx_word' id='word_1_921' title='bbox 1840 5246 1867 5297; x_wconf 81' lang='grc'><strong>3.</strong></span> 
     </span>
     <span class='ocr_line' id='line_1_112' title="bbox 1052 5324 1560 5468; baseline 0.008 -20"><span class='ocrx_word' id='word_1_922' title='bbox 1052 5324 1204 5466; x_wconf 45' lang='lat' dir='ltr'><strong>AJeestidus</strong></span> <span class='ocrx_word' id='word_1_923' title='bbox 1214 5397 1322 5466; x_wconf 75' lang='lat' dir='ltr'><strong>saepius</strong></span> <span class='ocrx_word' id='word_1_924' title='bbox 1333 5396 1481 5468; x_wconf 74' lang='lat' dir='ltr'><strong>indulgent.</strong></span> <span class='ocrx_word' id='word_1_925' title='bbox 1494 5419 1520 5452; x_wconf 91' lang='lat' dir='ltr'><strong>rr.</strong></span> <span class='ocrx_word' id='word_1_926' title='bbox 1535 5401 1560 5452; x_wconf 88' lang='grc'><strong>6.</strong></span> 
     </span>
    </p>
   </div>
   <div class='ocr_carea' id='block_1_20' title="bbox 1054 5479 1869 5636">
    <p class='ocr_par' dir='ltr' id='par_1_30' title="bbox 1054 5479 1869 5636">
     <span class='ocr_line' id='line_1_113' title="bbox 1054 5479 1869 5556; baseline 0.015 -22"><span class='ocrx_word' id='word_1_927' title='bbox 1054 5481 1213 5548; x_wconf 77' lang='lat' dir='ltr'><strong>Deprecatio</strong></span> <span class='ocrx_word' id='word_1_928' title='bbox 1223 5479 1331 5549; x_wconf 81' lang='lat' dir='ltr'><strong>prsbliee</strong></span> <span class='ocrx_word' id='word_1_929' title='bbox 1354 5481 1384 5532; x_wconf 89' lang='lat' dir='ltr'><strong>in</strong></span> <span class='ocrx_word' id='word_1_930' title='bbox 1396 5479 1522 5552; x_wconf 72' lang='lat' dir='ltr'><strong>ipoenom</strong></span> <span class='ocrx_word' id='word_1_931' title='bbox 1533 5488 1720 5556; x_wconf 84' lang='lat' dir='ltr'><strong>peeunr&#39;urienr</strong></span> <span class='ocrx_word' id='word_1_932' title='bbox 1737 5495 1869 5546; x_wconf 78' lang='lat' dir='ltr'><strong>conuerti</strong></span> 
     </span>
     <span class='ocr_line' id='line_1_114' title="bbox 1089 5563 1332 5636; baseline -0.016 -18"><span class='ocrx_word' id='word_1_933' title='bbox 1089 5581 1146 5618; x_wconf 86' lang='lat' dir='ltr'><strong>non</strong></span> <span class='ocrx_word' id='word_1_934' title='bbox 1157 5572 1253 5636; x_wconf 87' lang='lat' dir='ltr'><strong>potest.</strong></span> <span class='ocrx_word' id='word_1_935' title='bbox 1267 5583 1294 5614; x_wconf 89' lang='lat' dir='ltr'><strong>n.</strong></span> <span class='ocrx_word' id='word_1_936' title='bbox 1307 5563 1332 5616; x_wconf 94' lang='grc'><strong>6.</strong></span> 
     </span>
    </p>
   </div>
   <div class='ocr_carea' id='block_1_21' title="bbox 0 0 2215 6212">
    <p class='ocr_par' dir='ltr' id='par_1_31' title="bbox 0 0 2215 6212">
     <span class='ocr_line' id='line_1_115' title="bbox 0 0 2215 6212; baseline 0 0"><span class='ocrx_word' id='word_1_937' title='bbox 0 0 2215 6212; x_wconf 95' lang='lat' dir='ltr'><strong> </strong></span> 
     </span>
    </p>
   </div>
  </div>
 </body>
</html>
