4432 6198
399 267 447 320 ’ΠΙ
605 311 610 318 .
873 265 1062 320 utsrtttlt.
1085 266 1144 320 ΧΠ.
1162 263 1303 320 ΜΕΜΒΒ.
1323 265 1343 319 l·
1365 261 1459 320 SECT.
1479 265 1514 319 ll.
1926 263 1980 315 m

350 377 425 422 meu,
444 367 569 428 quantum
598 357 667 412 mihi
696 358 764 412 orire
787 358 848 410 lieet
857 396 869 424 ,
891 371 1016 430 reaperta.
1036 357 1164 414 standum
1216 359 1244 410 in
1264 375 1345 412 errore
1363 358 1467 426 anule
1486 357 1653 412 adulterante.
1671 356 1704 411 Et
1729 355 1805 410 eliam
1830 353 1960 408 rationem
1985 370 2034 426 pro

349 443 431 510 igitur
452 441 547 494 rationi
568 442 701 496 oommuni
723 461 766 494 eeu
786 441 929 494 dictamini·
946 454 1029 495 reetae
1047 445 1166 498 rationis.
1216 439 1305 492 debito
1319 441 1425 508 majona
1437 441 1562 493 reetitetie
1580 457 1658 492 nemo
1676 439 1902 508 poteritallegere.
1916 437 1972 489 lmo
1987 457 2034 506 po·

352 525 385 577 Et
404 525 453 577 hoo
471 523 577 594 qnidem
600 528 633 578 de
659 524 802 579 iniamiaa
830 537 949 596 tempore
972 526 1062 579 delicti
1088 531 1164 583 ueluti
1215 525 1281 588 rito,
1295 539 1500 594 triplarumque
1518 524 1620 576 ratione
1640 525 1763 590 maiorem
1785 521 1923 575 reureuire
1939 519 2034 570 inerui-

347 607 541 662 rntionabiliter
560 608 720 669 inchoendu
735 609 766 660 de.
784 609 929 662 inchoanda
949 627 1009 662 reru
1029 609 1165 664 intentae
1217 609 1259 662 uie
1278 609 1440 666 caetitatem.
1453 626 1485 660 au
1499 625 1581 677 poena
1596 609 1646 659 ieie
1660 605 1791 660 citerioris
1804 605 2034 672 infamiaedigue,

351 690 1167 765 temporedelictipnbla'eorirxtrasententiam,erqnentibue
1216 691 1283 760 quod
1304 708 1331 744 ee
1349 691 1512 762 deprehendi
1541 687 1634 761 parre?
1655 688 1730 758 Quod
1757 705 1808 740 non
1833 689 1958 740 oerultiue
1976 703 2035 756 μοι

348 775 478 846 ωτιτρΙίτ
497 777 631 846 probatur.
653 777 770 830 Primum
791 789 830 830 eet
856 779 885 830 in
905 778 923 828 l.
943 778 986 829 ld.
1011 785 1032 840 §.
1055 796 1117 844 pen.
1127 777 1168 850 ff.
1216 775 1330 832 reveriti
1346 778 1415 847 quod
1436 778 1537 830 tantona
1554 795 1613 832 eum
1633 777 1877 846 deprehenderetur
1896 773 2036 826 oonseeee?

346 859 379 912 de
391 857 688 928 ritannpn'annn‚oht
709 861 805 914 mulier
824 861 851 912 in
865 861 991 914 adulterio
1004 862 1167 932 deprebenee
1216 861 1287 930 qnod
1306 863 1374 914 eirea
1393 862 1518 916 delictum
1539 878 1591 912 uun
1615 871 1698 912 ertuta
1726 857 1865 912 extiterit?
1885 857 2034 912 rnentnaa

349 943 413 994 lieet
436 959 490 994 nou
520 941 704 1010 condemnata,
731 940 760 998 lit
784 943 906 1010 tutante,
933 945 1022 999 addite
1047 947 1165 1012 ratione,
1217 961 1250 997 ne
1268 947 1396 1016 rereutiae
1414 945 1597 1016 preeatandum
1624 941 1820 1014 delinquentia?
1838 943 1899 996 Nou
1924 941 2037 993 berrule.

349 1024 411 1094 quia
429 1025 474 1077 lex
482 1023 594 1094 sinotum
618 1045 677 1080 arou
693 1027 856 1082 sententium
883 1039 964 1084 uotat.
983 1031 1057 1100 Quae
1075 1030 1168 1084 ultima
1218 1031 1330 1084 Poenam
1357 1033 1479 1098 majorem
1506 1031 1528 1082 ei
1556 1031 1582 1081 d.
1605 1029 1672 1082 ratio
1697 1027 1870 1091 odiremur,
1890 1037 2036 1078 mereretur

351 1109 417 1176 legin
436 1111 511 1160 rerba
530 1109 597 1178 quo-l
618 1128 671 1164 non
692 1111 915 1165 consideraverint
931 1113 973 1170 dd.
988 1133 1049 1166 eene
1068 1117 1167 1170 mirera-
1218 1110 1346 1178 fortitiae,
1365 1131 1414 1182 que
1433 1111 1577 1183 peccatrix,
1598 1129 1650 1164 nou
1669 1129 1719 1181 qna
1739 1109 1919 1180 deprehensa,
1938 1110 1967 1162 in
1986 1126 2038 1177 quo

351 1192 424 1244 alum.
442 1193 587 1246 Manilerto
608 1194 711 1246 tradunt
733 1198 881 1250 sententiae
894 1201 991 1252 nullam
1005 1217 1061 1252 ease
1080 1217 1168 1254 neree·
1220 1199 1321 1265 luruiot·
1339 1213 1392 1250 nou
1411 1207 1449 1250 eet
1468 1197 1524 1250 riru
1543 1197 1699 1252 indistinete
1707 1231 1716 1258 ‚
1731 1194 1786 1248 rire
1804 1192 1987 1262 deprebensa,
2001 1192 2039 1243 ei·

351 1278 456 1329 ritatem
476 1279 507 1328 ad
529 1277 684 1342 infamiam,
703 1279 726 1330 ei
747 1279 810 1332 alian
830 1294 932 1334 oonstet
958 1284 990 1336 de
1009 1284 1120 1346 delieto3
1141 1294 1166 1336 et
1218 1297 1247 1331 re
1264 1279 1364 1334 detecta
1387 1281 1600 1344 anonumum
1621 1278 1728 1332 tiebflffli
1753 1275 1811 1330 50¹5
1838 1276 1953 1328 filimi*-
1974 1275 2036 1330 ΝΜ

351 1359 419 1412 aetio
438 1361 609 1431 epeoialitntie
626 1365 687 1432 qnia
708 1383 760 1416 ooo
784 1377 890 1434 apparet
917 1365 983 1420 Μ
1010 1369 1168 1437 generantium·
1217 1364 1266 1415 alia
1287 1363 1371 1432 itaque
1390 1366 1492 1418 ratione
1516 1365 1543 1416 in
1568 1362 1597 1415 d.
1614 1363 1633 1414 l.
1655 1362 1698 1416 id.
1727 1361 1905 1432 deprebensae
1929 1361 2040 1414 eiteeioe

351 1443 378 1495 id
397 1457 582 1500 asserere‘non
602 1451 734 1501 erubesco.
750 1451 859 1504 Dictum
872 1469 931 1506 rero
949 1453 1033 1523 legem
1053 1453 1102 1519 id,
1117 1466 1155 1508 tra
1218 1457 1259 1500 eet
1277 1446 1401 1512 iniamin,
1414 1467 1490 1516 qnam
1510 1449 1579 1520 qnod
1599 1449 1774 1518 deprehensio
1791 1445 1962 1514 adjunctaque
1974 1463 2038 1498 mm·

350 1539 538 1595 ereremum,
559 1535 631 1601 errius
656 1531 779 1586 delictum
804 1537 928 1590 omnibus
956 1537 1084 1608 petiuerit,
1107 1536 1171 1590 inda
1219 1529 1301 1586 terrio
1323 1535 1527 1604 comprehensae
1554 1531 1778 1584 manifestaverint
1803 1530 1902 1582 infame
1927 1527 2037 1582 ieetnro.

350 1623 450 1666 rerturn
468 1615 528 1683 quia
541 1613 584 1668 lex
597 1617 811 1686 comprebeuearn
831 1621 943 1690 appellet
962 1619 1088 1672 infamem
1107 1621 1170 1672 lieet
1222 1615 1267 1668 Ert
1291 1615 1340 1668 hoc
1364 1619 1513 1686 exemplum
1539 1617 1655 1687 primurn
1684 1613 1808 1666 iniamiee
1830 1614 1944 1666 orientie
1968 1629 2044 1666 ertu

352 1715 405 1750 uon
424 1697 607 1750 condemnate.
626 1699 704 1752 Unde
723 1719 781 1755 erro
800 1702 829 1754 id
849 1705 949 1769 ruitur,
968 1703 1169 1773 extrejudieinur
1221 1701 1396 1764 sententian,
1417 1701 1438 1752 ei
1458 1700 1584 1769 dplirtnm
1603 1695 1776 1752 eertiiroerum
1796 1695 1874 1748 luerit
1894 1695 2043 1762 eatrajntt-

351 1779 407 1832 niei
419 1797 452 1833 ex
470 1777 636 1834 confessione
654 1793 680 1854 et
701 1793 763 1838 teate
782 1803 834 1838 uno
853 1798 897 1840 aut
909 1791 991 1842 altero
1003 1788 1084 1857 (nana
1103 1789 1169 1842 eim·
1220 1784 1312 1837 eielero
1332 1774 1557 1854 dieqnieiti‘ouem.
1580 1783 1730 1838 Seorudum
1753 1779 1899 1850 exemplum
1918 1791 1955 1832 eet
1973 1783 2003 1834 in
2022 1781 2043 1834 1.

352 1865 415 1935 plici
435 1863 606 1930 ooniereioni‚
626 1873 653 1917 ut
673 1885 725 1920 non
746 1867 773 1920 in
797 1870 896 1938 jndicio
916 1871 948 1926 ita
969 1891 1017 1926 neo
1041 1882 1113 1926 extre
1130 1875 1170 1942 jn·
1223 1865 1287 1932 Μ.
1296 1866 1405 1938 fimff.
1424 1868 1458 1922 dr
1481 1869 1528 1922 dr'e
1541 1867 1589 1938 peri
1605 1877 1661 1920 not.
1682 1863 1815 1934 infirmia,
1836 1863 1875 1914 ibi
1903 1863 2044 1932 perierene

352 1947 452 2000 dicium
471 1949 601 2016 creditur)
619 1950 737 2003 eamdem
756 1949 941 2008 confirmante.
953 1957 1078 2024 Diceret,
1094 1973 1172 2028 poree
1223 1949 1256 2005 de
1274 1953 1390 2006 crimine
1408 1953 1519 2015 tatami.
1532 1951 1632 2004 dieitur
1651 1945 1711 2001 5²¹5
1729 1946 1853 2008 infudit.
1872 1946 1932 1998 lieet
1951 1947 1984 1999 de
1997 1967 2044 2003 eo·

354 2046 427 2092 eree,
446 2043 470 2084 ut
490 2033 532 2082 lex
551 2040 608 2100 agat
629 2033 661 2085 de
679 2035 795 2088 adultera
814 2037 1003 2106 comprehensa
1016 2049 1042 2092 et
1055 2055 1173 2108 eumqun
1225 2037 1285 2090 dem
1305 2053 1356 2090 non
1376 2039 1580 2098 oondemuatue.
1601 2034 1689 2087 addita
1708 2032 1807 2084 ratione
1825 2029 2042 2100 immoriendo.

354 2109 487 2177 judicium
509 2129 620 2181 eousque
640 2123 777 2167 tractatum
793 2126 820 2168 nt
833 2120 884 2186 jam
899 2119 994 2173 reritee
1008 2122 1100 2174 delicti
1114 2140 1174 2174 eon-
1223 2122 1285 2192 qnia
1305 2123 1439 2190 paoieeene
1456 2116 1578 2173 confiteri
1596 2117 1698 2173 erimen
1717 2114 1916 2184 intelligendus.
1935 2117 1987 2170 Sed
2001 2119 2043 2168 ττι.

355 2194 461 2248 nirenta.
481 2195 650 2262 Rerpondeo.
661 2197 732 2251 Licet
744 2219 793 2271 pro
806 2203 911 2272 cognito
931 2203 1174 2276 hnbandrnn,qn0‹t
1229 2222 1318 2268 aanor,
1338 2216 1406 2268 ano,
1425 2201 1598 2272 perimentem
1624 2199 1658 2252 de
1681 2197 1795 2252 erimine
1814 2199 1840 2250 id
1868 2198 1963 2264 ieteri,
1979 2201 1997 2254 i.
2019 2206 2043 2256 t.

355 2285 441 2330 ertum
462 2279 489 2330 in
508 2281 607 2348 judicio
625 2293 687 2336 ante
704 2288 874 2351 renuntiem,
888 2299 998 2342 ettamen
1017 2300 1044 2342 et
1064 2289 1102 2342 ibi
1116 2307 1175 2362 por·
1225 2279 1772 2356 5·17·ffid·4tt⁰0⁶‘¹'⁰¹²·⁰⁰⁰s‘¹¹i⁰⁰²¹
1797 2297 1901 2336 “⁰²⁰³
1922 2301 1974 2336 Μ
1994 2285 2042 2339 h·-

356 2371 396 2415 eet
419 2361 487 2429 diri,
508 2363 645 2418 infamiam
669 2378 756 2420 ortem
784 2381 857 2421 extra
885 2371 1050 2425 eenteotiarn.
1075 2373 1175 2426 Verum
1225 2371 1326 2424 bendae
1352 2387 1408 2422 eree
1434 2371 1553 2422 statuitur
1578 2386 1627 2438 pro
1650 2367 1793 2438 exploratis
1816 2368 1992 2438 oriminibna,
2017 2375 2043 2428 el

356 2445 425 2498 aibil
449 2450 475 2501 in
501 2449 599 2518 judieio
623 2463 729 2516 aetum,
757 2471 805 2525 pro
830 2456 934 2522 cognito
960 2455 1052 2507 baberi
1078 2465 1176 2526 potent,
1225 2455 1297 2506 nelle
1308 2453 1432 2523 probatio
1445 2455 1598 2524 religionem
1617 2452 2045 2531 „praenuntiationum

356 2547 433 2600 quaro
460 2533 502 2583 nhi
530 2537 659 2586 sententia
688 2535 759 2588 idem
788 2538 936 2589 declararit.
957 2537 1090 2590 Caeterum
1116 2537 1178 2592 lieri
1227 2537 1372 2606 exploratis
1391 2537 1552 2590 eeimiuibue
1577 2537 1757 2592 eoeieeeioure
1779 2553 1881 2590 reemm
1905 2557 1957 2593 oon
1981 2553 2045 2595 enee

356 2629 410 2666 oon
432 2633 464 2669 ex
483 2635 513 2670 eo
530 2616 597 2688 qnod
617 2615 729 2670 duta.
743 2618 866 2670 tatanem
886 2638 988 2690 qnoque
1006 2621 1175 2688 pronunciat,
1225 2621 1374 2686 habendae,
1393 2639 1441 2676 nee
1466 2621 1554 2692 partio
1577 2621 1611 2675 de
1634 2622 1735 2676 dalieto
1757 2620 1930 2678 indubitabile
1953 2625 2043 2680 taran

358 2717 427 2774 qnae
446 2703 608 2773 deprehensa
627 2711 654 2752 et
678 2701 847 2754 condemnate
868 2721 919 2756 oon
943 2701 1097 2756 concludere
1114 2705 1176 2774 quie
1225 2707 1275 2760 erit
1293 2717 1484 2776 argumentum.
1502 2708 1536 2760 Et
1561 2723 1608 2777 per
1629 2723 1791 2776 eoueeqmoe
1811 2725 1863 2760 nou
1891 2709 1942 2765 erir
1958 2727 2048 2764 uero-

359 2786 422 2837 relit
442 2785 470 2836 in
490 2785 514 2835 ol
533 2785 550 2834 1.
570 2786 610 2850 agi
630 2785 662 2835 de
682 2783 797 2836 facinore
816 2791 888 2834 certo
906 2790 932 2836 et
951 2781 1076 2848 indubio,
1090 2801 1122 2836 er
1136 2802 1176 2836 ee·
1225 2793 1296 2864 ptum
1317 2793 1419 2862 regulae
1438 2790 1559 2861 euperiue
1583 2793 1695 2861 puritee.
1720 2793 1818 2844 Verum
1845 2791 1916 2844 nihil
1933 2793 1989 2846 ahl
2015 2797 2042 2847 t.

358 2868 499 2938 quentibne
518 2876 603 2917 tamen
623 2866 650 2916 id
670 2863 838 2932 argumentari
865 2863 943 2917 tacita
959 2876 1009 2918 ert.
1027 2867 1111 2920 Neruo
1131 2870 1176 2921 de·
1225 2883 1247 2938 ς,
1268 2878 1310 2930 17,
1330 2875 1408 2930 nobie
1426 2872 1522 2930 etheit.
1541 2875 1666 2945 haqnitnr
1689 2875 1760 2928 enim
1786 2873 1814 2927 in
1841 2875 1963 2929 terminia
1980 2875 2047 2930 defi.

360 2948 500 3018 prehendit
517 2947 663 3008 adulteroe,
682 2944 735 2997 niei
761 2945 807 3014 qni
830 2947 948 2999 animum
973 2949 1051 3002 bahan
1068 2951 1175 3004 eosdem
1225 2959 1323 3012 otenel.
1342 2958 1564 3028 probamina
1580 2957 1614 3010 (le
1631 2974 1661 3010 an
1679 2957 1723 3026 qni
1742 2958 1845 3012 enirm
1862 2961 2047 3029 capitalem.

361 3031 507 3084 letabundi.
522 3029 588 3082 Nem
602 3028 624 3080 bd
640 3030 800 3098 prurienline
814 3029 873 3082 ittii!
886 3029 975 3084 dehoii
989 3031 1058 3084 forie
1072 3030 1178 3088 sotium
1225 3037 1326 3096 fitetur,
1344 3041 1411 3096 Nm
1433 3059 1488 3098 lm
1507 3037 1657 3105 inflemur,
1674 3039 1743 3109 quor]
1762 3038 1835 3108 diti,
1852 3041 1943 3098 delicti
1960 3047 2049 3100 [mi.

359 3115 472 3180 aceedit,
491 3118 512 3167 ri
534 3132 586 3166 non
604 3113 697 3182 judicii
716 3113 818 3184 cupido
834 3114 884 3184 ipsi
910 3115 1019 3180 incidit,
1040 3128 1178 3187 consperto
1225 3124 1286 3178 faeti
1307 3125 1445 3180 infamiam
1464 3125 1531 3180 oriri
1560 3133 1635 3178 extre
1660 3125 1825 3178 sententiam.
1842 3125 1926 3196 Negat
1943 3139 2047 3185 rmum

360 3199 476 3254 facinore
493 3196 547 3250 abit
565 3213 614 3251 neo
630 3197 777 3250 conturbat.
797 3197 848 3252 Sed
866 3199 912 3268 qui
931 3200 1120 3271 deprehendit,
1135 3220 1175 3256 ed·
1227 3206 1424 3264 oootaaetonana
1444 3225 1501 3262 eene
1519 3208 1649 3277 judicium
1668 3206 1827 3262 inevitabilia
1844 3209 2048 3267 interitione·

364 3294 500 3336 ooeetnrne
519 3293 574 3346 eet,
594 3283 792 3352 praesulemque
810 3283 976 3352 probetionie
994 3283 1177 3341 difficultatem
1227 3294 1259 3347 de
1277 3293 1315 3346 uti
1343 3291 1520 3361 colligendum
1542 3307 1579 3345 ex
1601 3294 1623 3364 ς.
1649 3291 1692 3344 2⁸1.
1718 3292 1744 3344 d.
1762 3293 1781 3344 Ι.
1803 3296 1831 3347 t.
1850 3293 1896 3346 atat
1915 3296 2050 3352 eonteeeio

364 3365 476 3420 teetihue
493 3369 605 3436 etipatna
627 3365 736 3418 accedit.
757 3369 843 3438 Atque
865 3371 893 3423 in
915 3368 940 3419 d.
959 3371 1018 3424 tooo
1038 3372 1124 3442 agitur
1144 3372 1177 3428 de
1227 3378 1297 3432 naula
1315 3376 1375 3432 ideo
1393 3375 1533 3442 rejicitur,
1547 3376 1610 3446 qnia
1627 3377 1687 3446 quie
1704 3393 1741 3430 ex
1755 3377 1821 3440 elia,
1837 3395 1915 3447 qnam
1934 3395 1967 3432 er
1984 3395 2050 3432 oon-

362 3449 541 3521 daprebenaa,
560 3467 631 3516 argo.
648 3449 783 3503 Caeterum
803 3467 852 3506 neo
870 3453 924 3504 eola
942 3451 1118 3523 deprebeoeio
1135 3473 1178 3510 ro
1228 3462 1355 3517 oriendae
1373 3459 1499 3514 oauae.ad
1519 3457 1699 3514 confitendum
1719 3460 1787 3516 iorte
1804 3461 1967 3522 adaotueaet
1985 3464 2050 3515 aab·

359 3549 417 3587 eam
436 3531 545 3586 teuibne
562 3527 675 3596 uttfioit,
693 3542 721 3584 ot
738 3548 772 3585 er
797 3544 930 3588 momento
955 3537 1048 3590 delicti
1063 3548 1091 3592 et
1109 3558 1178 3592 rom·
1226 3545 1318 3616 licitur
1343 3543 1513 3614 poauaodnm
1536 3545 1693 3613 exemptam
1715 3543 1784 3599 eerri
1810 3547 1920 3616 rapitale
1941 3548 2046 3598 rrimen

361 3616 546 3690 prehensionit
565 3613 691 3667 intentae
706 3617 779 3669 toene
805 3618 849 3672 eit.
868 3617 940 3687 Quid
964 3622 988 3673 ai
1011 3621 1083 3674 enim
1102 3642 1178 3680 rom·
1229 3627 1293 3680 lateo
1312 3623 1544 3695 confirmataque
1562 3641 1598 3679 ee·
1607 3629 1664 3694 ejue
1682 3636 1768 3682 morte
1785 3645 1801 3679 e
1818 3629 1924 3683 eaeritia
1945 3630 2050 3681 dominu

359 3704 486 3775 prehensa
498 3701 550 3753 rim
566 3699 716 3764 mentiatur,
731 3703 1043 3772 oomrompreheoditnr.
1058 3706 1181 3763 Proiecto
1228 3713 1349 3766 aiodioet.
1367 3712 1435 3780 Ergo
1452 3711 1497 3764 ubi
1518 3711 1577 3763 telie
1595 3727 1671 3764 renea
1692 3711 1799 3764 eubeere
1824 3714 1931 3780 nequit,
1951 3723 1980 3766 nt
1998 3733 2050 3785 pm

361 3787 468 3841 nonnisi
488 3804 501 3838 e
522 3796 638 3854 tempore
657 3782 748 3852 indicii
768 3785 910 3839 libidinem
929 3789 1113 3844 oonrineentir
1125 3795 1181 3848 erit
1228 3799 1284 3864 eiue
1302 3798 1376 3850 luero
1388 3795 1512 3850 mannum
1532 3809 1564 3846 ex
1583 3811 1665 3864 poene
1683 3795 1773 3846 oriene
1793 3793 1879 3863 iprum
1900 3795 2051 3862 dependere

364 3869 479 3922 inlumie
501 3869 576 3920 Prius
594 3868 666 3918 enim
685 3866 811 3921 delictum
837 3881 965 3925 uoueret
990 3873 1181 3944 manturanae,
1229 3881 1295 3934 relle
1319 3879 1526 3952 praeruurendue
1552 3877 1605 3936 eit,
1622 3875 1790 3930 contentam
1810 3876 1893 3928 undae
1917 3878 2052 3930 etandum.

361 3953 431 4007 nihil
455 3953 557 4004 valente
581 3949 676 4018 ubsque
693 3953 843 4018 juramento
863 3954 983 4024 praerio,
1005 3961 1108 4012 tertium
1142 3969 1178 4014 te
1230 3964 1293 4018 Tale
1310 3962 1373 4032 qnid
1392 3961 1521 4028 contingit
1539 3957 1569 4012 iu
1587 3959 1691 4012 oeeibue
1717 3959 1744 4012 d.
1770 3959 1788 4011 i·
1809 3958 1833 4010 d.
1859 3968 1879 4021 ς.
1889 3959 1996 4029 staff.
2016 3965 2053 4018 rh

363 4037 505 4096 etimouio,
524 4035 621 4102 tb³q¹¹⁸
642 4033 740 4100 iudici!
762 4035 962 4104 tetlimttlionre
991 4042 1047 4093 teil.
1072 4043 1117 4097 ubi
1137 4062 1180 4100 rea
1230 4045 1272 4102 tata
1288 4049 1338 4115 pur‘
1353 4055 1457 4098 notoni.
1482 4043 1578 4114 infirm.
1599 4042 1748 4112 Agiturhio
1773 4041 1885 4094 dedolo
1905 4046 1988 4108 melo,
2021 4048 2049 4097 ri

364 4120 475 4173 teetibnr
493 4113 656 4170 inficiatione
672 4118 800 4170 obloonta.
815 4117 886 4171 Aliae
905 4122 927 4172 ei
947 4133 1023 4176 taeter
1036 4125 1182 4188 adeint.et
1232 4131 1360 4182 bonorum
1379 4138 1529 4195 raptorum,
1549 4127 1713 4194 iujuriarum.
1734 4125 1787 4178 flio
1812 4127 1835 4178 ei
1861 4140 1948 4196 pertus
1968 4127 2051 4184 iurem

364 4219 424 4257 reue
441 4204 576 4255 ueritatem
597 4203 716 4271 agnovit,
735 4201 817 4272 judici
843 4214 934 4256 oootra
961 4221 989 4259 ee
1007 4205 1097 4276 iprum
1114 4207 1181 4268 fider
1232 4224 1445 4278 recuratne,non
1465 4212 1543 4264 aliam
1561 4227 1637 4280 qoam
1660 4227 1769 4278 poenam
1788 4210 1914 4264 infamiae
1933 4213 2051 4269 inerarrie.

365 4289 501 4350 habenda,
523 4284 648 4339 infamiae
670 4283 775 4340 effeetus
800 4286 932 4351 uescitur.
951 4307 1082 4359 opereque
1107 4293 1182 4348 iatine
1231 4274 1483 4366 Nem¹peruniariae
1496 4292 1602 4346 istorum
1621 4291 1777 4346 delictorum
1790 4311 1903 4362 poenae,
1916 4305 1988 4349 autor
2001 4315 2052 4364 pa·

366 4371 488 4424 hominio
507 4369 616 4424 arcenda
635 4371 668 4424 ab
686 4371 743 4426 tttta
759 4371 888 4442 negotiie.
903 4391 969 4446 quae
985 4373 1078 4430 infami
1097 4377 1181 4434 iotar-
1233 4377 1354 4432 oiereudo
1378 4376 1557 4439 renunciavit,
1576 4391 1623 4428 neo
1645 4375 1784 4445 quiequam
1810 4375 1957 4430 timendum
1976 4379 2051 4430 aliud

367 4455 489 4508 veniente
508 4455 590 4507 irrita.
1231 4480 1306 4534 quam
1325 4459 1434 4516 effertur
1451 4461 1505 4514 reri
1525 4459 1633 4524 delicti,
1653 4456 1771 4512 infamia.
1786 4462 1858 4530 Quae
1877 4477 1938 4514 reru
1957 4478 1988 4514 ee
2008 4465 2052 4514 iu·

404 4539 540 4592 Postremo
557 4537 640 4606 quoad
660 4536 848 4610 exemplumd.
861 4539 878 4592 i.
892 4537 1080 4595 interemtum
1101 4546 1181 4616 darni,
1231 4547 1312 4604 lamia
1330 4546 1442 4608 utiliter,
1460 4553 1490 4598 ut
1507 4561 1556 4614 pro
1577 4542 1667 4594 eadem
1692 4543 1866 4596 nauoieeeude
1892 4545 1953 4614 quia
1973 4547 2051 4600 boue-

372 4619 445 4673 tilam
466 4621 606 4672 intentioni
627 4633 731 4673 nostrae
751 4638 803 4672 non
822 4621 934 4686 aerrire,
954 4624 976 4674 ai
994 4625 1054 4692 quie
1072 4629 1184 4696 probare
1231 4631 1307 4685 rtatia
1325 4629 1461 4684 commoda
1480 4623 1650 4680 oontemuati
1667 4626 1782 4678 Onerum
1801 4627 1907 4695 quidem
1928 4631 2050 4698 publioof

369 4705 456 4776 poerit
475 4702 610 4755 infamiam
638 4703 677 4754 ibi
697 4719 728 4756 ex
753 4706 988 4776 comprehensione
1007 4727 1062 4762 noo
1082 4723 1182 4779 ortam,
1232 4732 1291 4772 rum
1311 4711 1477 4766 incommoda
1497 4707 1602 4778 effugit,
1621 4708 1665 4762 eed
1684 4709 1740 4774 eiua
1760 4711 1895 4764 molendae
1921 4729 1973 4766 nou
1993 4725 2051 4764 tan-

369 4787 440 4856 qood
461 4786 551 4840 eadem
569 4785 694 4839 delictum
714 4789 763 4841 boc
782 4790 858 4842 modo
871 4792 982 4844 ereeerit
1002 4793 1184 4855 indubitabile.
1234 4809 1275 4852 tue
1295 4799 1389 4858 timor.
1409 4808 1435 4848 ut
1451 4795 1511 4864 quie
1530 4797 1612 4861 majue
1628 4803 1657 4846 et
1674 4805 1830 4863 perpetuum
1851 4795 1976 4850 infamiae
1994 4815 2050 4848 aua-

371 4871 470 4922 Diouut
481 4869 524 4921 dd.
538 4871 797 4939 eomprehenrionem
817 4874 949 4928 adulterae
967 4875 1028 4931 ide'o
1046 4879 1183 4938 infirmium
1233 4886 1287 4936 lum
1306 4881 1404 4933 mallet.
1421 4875 1480 4930 Non
1499 4876 1569 4927 aliud
1589 4877 1678 4946 itaque
1691 4893 1724 4928 ex
1739 4880 1787 4932 tera
1802 4875 1967 4934 contentane
1979 4899 2051 4950 prae·

370 4965 446 5007 extre
471 4957 626 5008 sententiam
651 4967 781 5009 ueneatam
805 4975 874 5019 erae.
892 4959 953 5029 quia
978 4965 1060 5031 major
1083 4968 1185 5022 cestim
1234 4965 1404 5021 anroendnro.
1423 4978 1500 5029 quem
1524 4959 1622 5012 aeriter
1650 4959 1761 5024 delicti,
1781 4971 1806 5014 et
1834 4963 1898 5028 eine.
1918 4975 2048 5016 momento

374 5043 550 5114 requireretur
567 5043 595 5096 in
617 5041 729 5095 foemina
736 5081 746 5109 ,
764 5060 840 5112 qoam
860 5045 888 5096 iu
907 5046 970 5099 airu.
990 5048 1042 5101 Sed
1062 5065 1114 5103 uon
1129 5069 1185 5106 mo.
1234 5049 1360 5102 infamiae
1377 5043 1480 5098 ettaaue
1497 5041 1671 5096 immittendi.
1683 5043 1751 5113 Quia
1772 5063 1786 5096 a
1807 5052 1925 5112 tempore
1942 5047 2050 5100 istodo-

369 5129 409 5181 rit
427 5127 544 5199 proiecto
561 5126 609 5181 ille
632 5127 701 5178 ratio
725 5127 869 5198 Ulpianum
893 5129 919 5182 d.
944 5131 962 5181 i.
982 5131 1025 5182 ⁴³·
1043 5146 1185 5190 auotorem.
1235 5134 1326 5187 liotnm
1344 5140 1451 5200 apparet
1464 5137 1565 5182 eertum
1574 5164 1584 5191 ,
1599 5126 1692 5180 mudue
1712 5144 1769 5178 rero
1783 5129 1939 5196 procedendi
1960 5136 2051 5184 erdo

372 5211 439 5265 Nem
459 5220 517 5265 utut
535 5229 586 5264 non
607 5209 739 5276 diilitear,
754 5213 877 5279 majorem
889 5215 1033 5268 uastitatem
1047 5222 1144 5288 requiri
1159 5223 1186 5274 in
1237 5219 1296 5270 litto
1308 5230 1362 5268 uun
1372 5213 1544 5266 eundemueto
1560 5211 1683 5280 quidem,
1696 5219 1810 5264 attamen
1824 5213 2060 5286 meniteetetoeu„

371 5295 503 5360 foemina,
521 5315 598 5366 qnam
623 5299 651 5348 io
675 5297 747 5358 τίνος
766 5297 821 5364 ejne
841 5309 926 5350 tamen
948 5317 1000 5352 nou
1025 5301 1074 5353 alie
1100 5305 1186 5369 ratio,
1236 5311 1264 5355 ut
1281 5309 1370 5352 ooutra
1391 5297 1577 5368 producentem
1601 5296 1781 5346 teetimoninm
1810 5297 1903 5360 illine,
1923 5301 1966 5366 qui
1988 5301 2051 5352 iari-

373 5397 450 5452 quem
471 5381 603 5435 oeattano
620 5398 655 5432 ex
673 5381 773 5432 neruine
790 5392 879 5436 eontra
899 5383 1075 5438 intentionenr
1096 5389 1186 5441 metiri
1236 5399 1285 5437 nur
1303 5381 1428 5434 iamoeum
1451 5379 1582 5430 uommisit
1605 5387 1632 5431 et
1655 5375 1808 5443 confitetur,
1836 5397 1895 5432 reue
1918 5387 2049 5452 excipiat,

374 5465 449 5534 erirpi
470 5463 681 5533 ipriueeoholem
703 5463 805 5518 inierat.
825 5467 896 5538 Quae
909 5472 978 5520 ratio
997 5477 1082 5521 temen
1102 5471 1186 5526 lorum
1236 5478 1328 5522 tentem
1347 5482 1404 5520 eree
1426 5465 1591 5534 inquinatum
1611 5463 1706 5515 delinto
1731 5463 1842 5529 inmoto,
1867 5465 1944 5536 idque
1963 5470 2061 5536 iprum

374 5545 525 5600 nonhabet
550 5551 578 5600 io
601 5547 715 5602 foemina
740 5549 837 5612 uoluta,
861 5567 923 5604 oum
946 5554 1056 5622 eonjuge
1077 5554 1187 5614 alteriue
1236 5547 1366 5608 confiteri.
1385 5549 1434 5602 cot
1453 5549 1475 5600 ai
1494 5547 1606 5600 areentit
1623 5547 1693 5600 tertie
1718 5548 1873 5616 productus.
1893 5554 2049 5619 prohibetur

377 5627 540 5684 adulterante
556 5632 574 5684 l.
593 5633 636 5685 ³0.
655 5637 677 5695 ς.
693 5634 718 5683 1.
733 5647 756 5685 r.
773 5634 811 5685 ad
826 5633 844 5686 l.
858 5635 910 5706 J'nl.
928 5633 962 5689 de
978 5635 1064 5692 adult.
1081 5639 1119 5690 uti
1139 5659 1186 5696 neo
1211 5677 1212 5682 =
1236 5659 1252 5690 a
1265 5637 1428 5700 testimonio,
1437 5633 1558 5703 nullaque
1574 5629 1730 5701 expectanda
1744 5633 1882 5686 eeartentia.
1898 5634 2050 5708 Praeterea,
