4454 6214
853 277 1239 418 isrsrursrro
1294 339 1620 422 nunncrrrn

1145 533 1346 607 raons

421 701 826 829 oouunuto
862 701 1096 815 touta
1131 701 1634 818 auuuuunaut
1668 700 2051 824 utouuata

919 918 1042 987 CUM
1074 919 1232 994 JURE
1267 919 1567 992 COMMUNI

730 1099 980 1170 mensurnus,
999 1099 1049 1156 sn
1065 1103 1275 1166 uernonoas
1295 1107 1472 1164 nssrrrur.
1491 1105 1745 1164 manutentans.

862 1287 904 1330 Al)
926 1291 1005 1336 Dlssti
1027 1291 1109 1340 ¹111·
1133 1297 1291 1345 norma.
1314 1296 1619 1344 atro-anctum.
1647 1359 1650 1370 Ι

1047 1467 1439 1516 ΒΗΡΟΗΗῚΒ

811 1611 1028 1684 BRUNONE
1052 1616 1355 1708 natantum),
1378 1615 1665 1689 atet-Ltvott.

958 1819 1515 1868 -ψ-ο

950 1991 1529 2086 suannanrnu

405 2194 570 2330 Sanctus
603 2248 660 2316 ille
692 2269 798 2316 nerns
820 2257 889 2329 est,
910 2271 978 2340 quo
1003 2267 1170 2342 quemque
1194 2267 1253 2316 sua
1278 2246 1474 2316 obstrictum
1508 2257 1600 2315 tenet
1630 2247 1749 2340 patria.
1783 2250 1942 2348 llejorem
1974 2255 2080 2324 noeui

401 2357 529 2436 partem
559 2339 639 2408 huic
668 2337 785 2405 deberi
816 2338 1048 2429 prudentiores
1079 2339 1286 2406 ethnicorum
1323 2336 1580 2426 prudentissime
1611 2359 1835 2410 censuerunt.
1867 2344 2080 2438 Quapropter,

401 2434 510 2502 omnis
535 2431 624 2510 rita,
648 2429 823 2519 praecipue
847 2449 944 2512 sero,
968 2451 1053 2520 quae
1080 2427 1268 2495 excolendis
1298 2427 1471 2492 literarum
1502 2425 1622 2495 studiis
1655 2427 1882 2519 impenditur,
1913 2435 2013 2501 unice
2042 2455 2081 2500 eo

400 2523 570 2591 collimare
593 2517 711 2598 debet,
735 2529 774 2583 ut
797 2517 917 2584 suturis
940 2517 1064 2607 patriae
1086 2516 1265 2584 commodis
1287 2539 1323 2584 ea
1349 2519 1452 2605 possit
1474 2516 1636 2608 impendi.
1667 2517 1762 2589 Hanc
1790 2535 1910 2590 metam
1933 2523 1992 2615 qui
2021 2545 2080 2588 ne-

400 2613 555 2706 gligunt,
579 2611 618 2676 in
640 2607 736 2673 deria
759 2605 962 2688 deflectunt,
986 2625 1020 2673 et
1042 2605 1197 2698 indignos
1219 2629 1252 2672 se
1276 2605 1442 2688 reddunt,
1465 2629 1550 2698 quos
1574 2605 1677 2695 patria
1702 2605 1810 2678 soreat
1832 2609 2014 2704 aliquando
2030 2611 2082 2678 rel

399 2711 603 2792 promoveat.
638 2695 730 2788 Ego,
758 2697 822 2788 qui
852 2713 944 2763 extra
1000 2695 1103 2761 atriae
1135 2695 1301 2786 pomoeria
1333 2695 1508 2786 hucusque
1539 2695 1713 2762 literarum
1744 2701 1853 2766 studia
1861 2751 1872 2782 ,
1904 2703 2080 2792 praecipue

401 2812 481 2860 vero
503 2765 872 2876 cirilem'prudeutiam
896 2719 1046 2869 emoliti,
1079 2807 1099 2848 a
1127 2808 1219 2850 nexu
1251 2785 1371 2851 natalis
1394 2785 1456 2851 soli
1488 2807 1540 2851 me
1571 2805 1747 2875 nunquam
1780 2808 1973 2884 exemptum
2004 2811 2082 2856 cen·

401 2880 476 2962 sui,
508 2877 563 2944 sed
595 2887 763 2968 quantum
795 2876 975 2965 praesentis
1008 2875 1094 2941 ritae
1127 2874 1211 2939 ratio
1242 2874 1341 2954 sirit,
1372 2893 1507 2940 omnem
1538 2894 1672 2962 operam
1701 2876 1872 2968 impendi,
1901 2893 1940 2946 ut
1971 2877 2081 2946 studia

403 2990 538 3124 quoque
567 2989 638 3032 mea
672 2967 709 3032 in
741 2964 889 3032 futuram
919 2964 1044 3054 patriae
1067 2961 1248 3028 utilitatem
1269 2962 1456 3054 dirigerem.
1487 2959 1699 3066 Quapropter
1722 2965 1759 3032 in
1782 2967 1960 3036 excolenda
1983 2969 2082 3060 juris·

401 3083 466 3150 pru
492 3055 580 3124 entia
612 3077 786 3146 nunquam
817 3055 854 3120 in
884 3052 1069 3121 iustiniani
1102 3050 1231 3141 placitis
1255 3051 1494 3120 inhaerendum
1525 3074 1660 3130 censui,
1693 3069 1731 3118 ut
1761 3078 1828 3122 non
1861 3057 1962 3124 altero
1984 3057 2083 3162 quasi

405 3148 502 3215 oculo
525 3144 567 3212 ad
589 3145 806 3212 saluberrima
828 3144 952 3232 patriae
976 3165 1068 3208 meae
1090 3151 1210 3208 statuta
1234 3139 1449 3209 reflecterem.
1471 3141 1589 3230 Turpe
1617 3139 1745 3235 quippe
1772 3167 1809 3212 ac
1837 3147 1972 3235 patricio
1994 3146 2085 3214 rudi-

403 3259 509 3330 gnum
532 3252 622 3302 ratus
644 3258 720 3302 cum
742 3231 1012 3324 juris-consulto,
1034 3231 1107 3322 jura
1131 3230 1256 3320 patriae
1279 3231 1468 3386 ignorasse,
1489 3229 1527 3298 in
1551 3229 1678 3321 quibus
1700 3232 1777 3322 quis
1807 3233 1985 3326 aliquando
2008 3259 2083 3305 rer·

405 3339 547 3394 saturus.
570 3323 684 3413 Quare
706 3346 785 3389 curn
807 3345 938 3388 mecum
964 3321 1212 3404 constituerim,
1242 3341 1288 3410 pu
1315 3319 1415 3386 licum
1445 3317 1652 3410 profectuum
1679 3321 1978 3416 qualiumcumque
2009 3349 2084 3417 apa-

407 3415 516 3482 cimen
541 3411 657 3496 edere,
681 3434 750 3480 non
772 3409 923 3495 credidi,
944 3433 998 3476 me
1018 3407 1123 3476 officio
1145 3433 1218 3476 meo
1240 3408 1484 3476 satisfacturum
1506 3407 1647 3491 melius,
1670 3427 1731 3476 aut
1753 3413 1878 3501 patriae
1894 3413 2083 3484 studiorum

358 3539 360 3544 ·
405 3506 566 3571 rationem
590 3501 803 3570 redditurum
825 3500 1048 3584 commodius,
1070 3521 1172 3591 quam
1194 3499 1223 3566 si
1245 3497 1356 3588 ipsum
1377 3500 1431 3589 jus
1454 3498 1599 3602 patriae,
1621 3510 1744 3566 statuta
1766 3502 1888 3570 scilicet
1912 3503 2082 3594 rigentia,

407 3618 485 3661 cum
508 3597 581 3685 jure
605 3591 773 3660 communi
795 3589 998 3670 conferrem,
1021 3599 1053 3655 et
1082 3588 1265 3680 gratissima
1297 3586 1355 3653 illa
1386 3586 1638 3655 institutionum
1670 3588 1901 3679 imperialium
1928 3592 2084 3660 methodo

407 3681 647 3750 dissdnantiam
669 3699 703 3748 et
724 3681 968 3748 consonantiam
992 3680 1092 3770 patrii
1115 3695 1149 3744 et
1172 3677 1299 3745 romani
1324 3678 1405 3769 juris
1428 3675 1631 3744 exhiberem.
1659 3676 1781 3746 Fateor
1803 3680 1963 3771 quidem,
1997 3684 2085 3751 vires

408 3771 539 3864 ingenii
571 3771 703 3864 longius
733 3766 868 3875 egredi,
891 3789 989 3862 quam
1021 3767 1168 3858 suscepi,
1199 3789 1218 3834 o
1263 3789 1350 3850 rarn,
1375 3791 1450 3834 curn
1482 3787 1595 3833 rerum
1618 3764 1798 3834 sorensium
1820 3771 2084 3860 experientiam,

409 3886 499 3953 quae
520 3861 589 3953 juri
613 3871 784 3928 statutarro
806 3859 983 3924 maximam
1007 3857 1194 3924 foeneratur
1231 3879 1346 3940 ucem,
1369 3857 1544 3946 hucusque
1566 3854 1695 3922 nullam
1710 3858 1794 3923 milri
1809 3863 2085 3949 comparaverim:

409 3953 543 4020 reniam
568 3963 677 4017 tamen
700 3947 784 4016 milri
806 3948 960 4038 polliceor
982 3947 1025 4013 ab
1039 3945 1246 4038 aequissimis
1269 3968 1382 4012 rerum
1398 3943 1677 4032 aestimatoribus,
1691 3946 1718 4012 si
1735 3959 1899 4036 quantum
1923 3951 2085 4038 juvenilis

411 4060 498 4108 aetas
522 4041 728 4130 permiserit,
753 4047 942 4116 tentavero,
965 4035 1048 4102 dum
1070 4035 1226 4101 distantia
1250 4031 1391 4100 locorum
1416 4057 1483 4100 non
1507 4034 1677 4123 permisit,
1702 4033 1737 4099 in
1762 4035 1844 4116 illis,
1868 4060 1954 4130 quae
1977 4037 2085 4107 dubia

412 4130 498 4198 milti
522 4128 742 4213 ridebantur,
764 4123 1007 4192 dissertissimos
1032 4125 1155 4214 patriae
1179 4145 1269 4188 meae
1292 4135 1415 4215 togatos
1437 4121 1651 4190 consuluisse.
1667 4121 1766 4210 Quae
1785 4123 1928 4208 desunt,
1952 4129 2085 4220 supple-

412 4236 487 4287 tura
511 4215 692 4307 aliquando
715 4212 877 4282 maturior
898 4225 987 4278 aetas
1009 4229 1043 4278 et
1065 4213 1244 4278 accuratior
1266 4211 1303 4276 iu
1327 4213 1449 4302 patrios
1471 4235 1575 4278 mores
1596 4213 1784 4303 inquisitio.
1806 4213 1945 4280 Interim
1964 4221 2087 4286 nostris

411 4307 584 4376 conatibus
608 4307 734 4386 sareas,
756 4305 889 4392 lapsus,
912 4323 995 4391 quos
1017 4325 1077 4394 ego
1101 4299 1350 4369 lubentissimua
1372 4323 1560 4392 agnoscam,
1584 4303 1749 4392 ignoscas,
1772 4318 1805 4368 et
1827 4326 1916 4395 quae
1937 4301 2084 4388 desunt,

411 4395 639 4465 latentissimo
664 4413 720 4461 tuo
743 4391 860 4459 affectu
883 4389 1053 4481 suppleas,
1070 4414 1159 4481 rogo.
1177 4390 1288 4457 Deum
1304 4413 1383 4458 reto
1397 4391 1562 4481 optimum
1577 4391 1776 4474 marimum,
1790 4395 1898 4459 omnis
1914 4393 1996 4464 boni
2013 4398 2085 4466 lon-

415 4501 505 4572 tem,
526 4484 668 4578 supplex
690 4482 850 4575 imploro,
873 4492 912 4548 ut
934 4483 1074 4573 suscepti
1096 4480 1219 4548 laboris
1240 4503 1422 4548 successum
1446 4481 1530 4550 milri
1552 4479 1707 4549 concedat
1730 4480 1979 4552 felicissimum!

1091 4649 1176 4719 ΟΛ
1198 4648 1227 4716 Ρ
1251 4649 1281 4718 U
1305 4649 1337 4719 T
1381 4649 1410 4718 1.

882 4819 940 4888 Da
955 4823 1038 4912 jura
1061 4825 1247 4891 statutario
1271 4823 1398 4913 rigensi
1422 4821 1459 4887 in
1482 4840 1622 4909 genere.

672 4993 695 5046 S
709 4994 781 5049 Ul
789 4996 825 5049 t!
833 4997 862 5048 A
876 4996 901 5048 n
914 4994 971 5048 rA
1277 4988 1382 5046 amato
1394 4987 1561 5060 quaestionis
1573 5005 1610 5044 ea
1620 4987 1752 5060 qualitate
1758 4991 1997 5064 manoperam
2006 5013 2035 5051 e.
2044 5002 2085 5051 11.

416 5085 566 5152 lngrratat.
586 5094 614 5131 n.
633 5079 659 5130 ί.
677 5077 705 5128 2·
1275 5075 1420 5132 Civitatem
1436 5075 1545 5130 diur'rio.
1564 5091 1592 5126 n.
1612 5075 1656 5126 tt.
1672 5091 1728 5146 req.

412 5161 604 5233 Conseruntur
617 5175 680 5215 cum
692 5159 750 5230 jar.
762 5175 860 5211 comm.
872 5165 975 5214 stuata
992 5173 1050 5212 nan
1067 5158 1226 5229 antr'qaiara
1278 5159 1379 5213 Ciuitas
1395 5157 1468 5213 eirca
1486 5157 1747 5214 administrationem
1758 5159 1892 5216 ianamm
1905 5173 2010 5220 statuta
2021 5183 2084 5220 eerr-

448 5245 497 5299 reti
514 5243 707 5299 recentissima.
727 5261 754 5295 n.
773 5243 800 5294 ³.
819 5241 845 5294 1.
863 5244 890 5296 t.
1313 5241 1377 5296 dere
1392 5250 1490 5310 pateat.
1508 5258 1537 5294 n.
1558 5240 1600 5294 ti.

415 5327 461 5380 De
476 5327 615 5382 statuendi
630 5324 740 5381 amarti
757 5325 908 5380 ciuitatibus
925 5339 1098 5401 competente.
1117 5347 1148 5382 n.
1165 5330 1191 5383 fl.
1277 5321 1398 5394 Effeotrrr
1415 5323 1592 5379 omnimodae
1600 5325 1803 5399 jurisdictionis
1813 5339 1867 5397 est,
1879 5339 1979 5386 natam
1989 5347 2084 5384 aem

416 5409 544 5481 Refertur
559 5411 602 5464 dat
615 5409 708 5480 opinio
720 5409 912 5477 murmurium,
926 5413 1059 5468 rietatem
1077 5413 1228 5486 nequidem
1314 5410 1386 5462 dere.
1405 5426 1433 5462 rr.
1453 5407 1496 5460 tt.
1514 5419 1540 5464 et
1559 5411 1602 5462 to.

452 5496 672 5550 mmuetadinem
688 5492 858 5547 introducere
874 5495 977 5550 vokra.
998 5516 1029 5550 n.
1045 5498 1073 5550 7.
1278 5493 1382 5550 Ciuitas
1398 5509 1455 5548 nan
1472 5501 1573 5549 rantra
1590 5491 1639 5548 red
1651 5499 1760 5564 praeter
1766 5495 1817 5568 jar
1832 5511 1973 5552 commate
1985 5502 2084 5550 etatem

417 5577 580 5652 emutare
597 5579 620 5648 §-
639 5577 665 5632 t.
683 5575 768 5632 tuat.
784 5575 817 5632 rie
825 5577 852 5650 j.
870 5595 896 5634 n.
915 5590 941 5635 et
954 5597 982 5651 g.
1000 5598 1027 5634 n.
1046 5581 1071 5635 8.
1089 5579 1117 5632 ⁹2
1313 5575 1433 5634 candere
1447 5585 1544 5650 patret.
1560 5594 1589 5632 n.
1608 5579 1650 5634 ti.
1668 5577 1712 5634 18.
1730 5577 1771 5632 10.
