4358 6178
487 485 490 490 Ι
582 385 917 462 ΒΙὸΡῙΙΤΔΤΙθ
942 383 1211 463 vtttnstttta
1236 382 1445 482 QUlN'M

296 584 401 698 tutt
436 581 987 704 unounstuuttm
1025 583 1330 700 amount
1368 571 1737 702 ultumum
1839 600 1842 612 '
1947 567 1952 578 ’

719 753 1316 882 uussnsstottttn.

696 981 739 1026 Ab
769 985 850 1028 nm
870 979 967 1029 ffl'l'·
999 985 1086 1030 stttto
1119 987 1344 1032 munim.

850 1147 932 1191 no
965 1148 1204 1192 ΗΗΗΗ

279 1278 588 1352 cntttst'tttttts
610 1280 897 1352 FlllDElllCllS
920 1279 1453 1372 Ba·1trtt01.n1,1tttltot.1tt.
1477 1277 1765 1352 mancaleus,

746 1483 1305 1532 -ψ-ι

761 1665 1278 1756 Pnouttttotttssttt.

185 1839 495 1974 communionem
520 1925 632 1972 rernm
658 1901 858 1996 primaevam
881 1924 949 1970 non
973 1901 1112 1968 omnino
1136 1925 1205 1970 esse
1231 1904 1438 1998 negandam,
1462 1925 1659 2001 argumento
1680 1925 1743 1987 est,
1766 1903 1858 1998 qnod

187 1997 252 2060 rita
276 1993 419 2074 socialis,
444 2005 479 2058 et
502 1993 674 2064 distinctio
696 1993 922 2062 dominiorum
947 2015 1014 2060 non
1040 2014 1098 2078 per
1114 2015 1168 2071 se,
1184 2011 1216 2060 et
1231 1996 1420 2063 immediate
1437 2023 1478 2064 ex
1496 2016 1610 2065 natura
1629 2021 1740 2064 rerum
1757 1997 1857 2078 linat,

183 2085 241 2152 sed
265 2084 385 2150 lactum
412 2083 598 2152 humanum
623 2095 882 2174 praesupponat,
905 2083 996 2171 quod
1019 2081 1127 2147 cuivis
1150 2105 1260 2149 rerum
1287 2086 1494 2174 politicarum
1525 2089 1687 2178 principia
1714 2089 1861 2154 curatius

185 2173 354 2262 indaganti
379 2174 443 2238 erit
467 2175 502 2240 in
529 2173 677 2265 proclivi.
700 2173 838 2264 Quippe
863 2190 979 2240 natura
1013 2192 1073 2238 nos
1102 2171 1238 2262 quidem
1266 2173 1359 2242 ducit
1386 2177 1428 2244 ad
1455 2178 1641 2244 societatem
1661 2175 1858 2256 colendam,

185 2287 298 2330 verum
325 2285 391 2326 non
418 2285 476 2351 per
499 2288 533 2329 se
557 2278 658 2355 atque
681 2263 815 2330 interno
838 2263 1025 2346 instinctu,
1048 2258 1108 2327 sed
1130 2261 1227 2328 ducta
1252 2265 1506 2332 necessitatibus
1529 2265 1774 2356 commodisque
1797 2267 1860 2331 hu-

186 2354 305 2418 manis.
329 2349 364 2416 Si
392 2355 495 2443 igitur
517 2353 627 2420 nullae
650 2355 860 2420 necessitates
883 2352 1012 2438 forant,
1036 2373 1097 2417 nec
1133 2363 1248 2420 natura
1278 2375 1338 2420 nos
1366 2353 1408 2419 ad
1440 2356 1625 2422 societatem
1660 2354 1855 2444 impelleret.

188 2441 370 2532 Quocirca
395 2444 666 2508 communionem
689 2467 802 2510 retum
826 2445 1030 2534 primaevam
1053 2463 1213 2523 asserere,
1236 2467 1272 2510 ac
1294 2440 1494 2510 divisionem
1523 2467 1636 2510 earum
1667 2465 1733 2508 non
1757 2467 1774 2508 a
1802 2469 1861 2510 na-

186 2547 282 2613 tura,
315 2529 371 2596 sed
404 2531 488 2599 sacto
520 2533 665 2599 humano
693 2531 884 2600 immediate
915 2532 1067 2600 derivare
1093 2529 1310 2600 sustinemus.
1334 2533 1516 2626 llttjusque
1539 2531 1725 2626 hypothesis
1748 2555 1861 2598 neces·

187 2623 317 2691 ritatem
343 2621 410 2709 ipsa
435 2621 609 2689 divisionis
633 2635 750 2689 natura
776 2623 934 2711 insolvit3
958 2621 1046 2690 nihil
1070 2621 1161 2688 enim
1184 2620 1293 2688 dividi
1319 2636 1447 2716 potest,
1463 2622 1528 2690 nisi
1552 2624 1643 2713 prius
1658 2620 1860 2688 lueritcom·

189 2733 303 2778 mune.
328 2707 406 2775 Pari
432 2711 530 2778 modo
553 2711 695 2779 Grotius
718 2709 1082 2780 rideturratiocioari:
1099 2711 1194 2780 Deus
1217 2713 1362 2779 humano
1386 2715 1499 2804 generi
1522 2709 1721 2804 generaliter
1743 2725 1861 2778 contu*

190 2802 229 2868 lit
253 2805 306 2892 jus
330 2799 365 2863 in
392 2823 441 2868 res
466 2801 562 2892 hujus
587 2801 756 2869 inferioris
781 2813 917 2870 naturae
942 2801 1052 2870 statim
1076 2827 1094 2870 a
1118 2801 1247 2868 mundo
1268 2801 1418 2888 condito,
1446 2817 1547 2894 atque
1580 2799 1700 2866 iterum
1735 2799 1860 2867 mundo

192 2905 262 2983 post
286 2887 453 2956 diluvium
479 2903 637 2982 reparato.
662 2893 786 2976 Erant,
812 2907 848 2960 ut
873 2893 1028 2962 lustinus
1051 2893 1220 2984 loquitur,
1243 2891 1354 2960 omnir
1378 2893 1563 2960 communia
1596 2901 1629 2955 et
1661 2889 1800 2956 indivisa
1825 2913 1862 2956 o·

191 2979 344 3057 mnibus,
371 2979 473 3046 veluti
497 3005 602 3048 uuum
625 2983 755 3050 cunctis
780 2982 1019 3074 patrimonium
1045 2996 1135 3051 esset.
1161 2983 1207 3050 lt
1231 3007 1406 3054 varocum
1434 2996 1551 3050 natura
1575 2979 1730 3046 omnibus
1752 2977 1860 3049 homi-

193 3071 297 3161 nibus
320 3067 450 3136 dederit
472 3075 522 3160 jus
548 3071 583 3136 itt
605 3072 738 3153 omnia,
761 3089 793 3138 et
817 3094 923 3142 unum
952 3099 1074 3166 nemq3
1090 3073 1153 3142 sibi
1172 3077 1215 3171 itq
1232 3069 1527 3150 commendaverit,
1544 3089 1582 3138 ut
1604 3069 1725 3160 singuli
1749 3093 1861 3138 rerum

193 3157 463 3253 possidendarnm
487 3159 645 3252 cupidine
668 3163 853 3248 ducantur,
877 3101 973 3234 facile
995 3165 1021 3230 si
1046 3165 1111 3233 sibi
1135 3164 1213 3242 solis
1235 3161 1505 3255 relinquerentur
1533 3157 1673 3250 singuli,
1695 3175 1797 3249 atque
1826 3163 1861 3231 in

194 3247 445 3316 mero'natnrae
467 3250 539 3339 jure
606 3254 793 3335 misser-ent,
810 3253 1077 3324 insufficientiam
1100 3278 1194 3322 stram
1217 3276 1360 3334 sensere,
1376 3253 1466 3343 quod
1491 3251 1651 3320 nimirum
1667 3250 1710 3316 ad
1733 3251 1787 3316 sui
1811 3267 1863 3316 tu—

194 3339 292 3406 telam
315 3351 425 3404 essent
449 3340 549 3404 invali
580 3341 600 3406 i.
624 3339 770 3413 Proinde
792 3368 868 3416 cum
894 3345 1032 3413 minime
1058 3345 1239 3435 proficuum
1263 3341 1381 3426 luerit,
1406 3343 1441 3408 in
1467 3344 1578 3412 omnia
1611 3333 1670 3434 jna'
1688 3343 1886 3408 comninoe'

194 3431 358 3506 retinere,
382 3429 480 3516 (nant
504 3433 766 3500 communicen
789 3447 895 3502 mater
917 3433 1180 3523 discordiarum)
1204 3457 1264 3500 nec
1287 3447 1395 3499 tamen
1420 3432 1514 3500 aliud
1538 3429 1723 3499 remedium
1747 3454 1781 3496 sa
1801 3433 1863 3497 ob·

196 3518 328 3597 tulerit,
352 3541 455 3608 quam
479 3534 518 3582 ut
540 3517 580 3584 ad
606 3539 696 3612 pacta
719 3523 952 3616 confugerent,
975 3525 1148 3615 probabile
1167 3536 1236 3604 est,
1253 3522 1418 3614 principio
1441 3545 1552 3594 reram
1576 3521 1685 3588 statim
1711 3521 1865 3588 homines

192 3634 210 3676 a
234 3607 467 3675 commuuione
492 3606 548 3674 illa
574 3611 760 3692 recessisse,
783 3615 998 3706 singulosque
1022 3619 1059 3682 in
1082 3639 1189 3682 unum
1213 3615 1358 3705 aliquem
1382 3631 1529 3694 coetum,
1545 3611 1598 3678 vel
1623 3633 1793 3702 personam
1811 3617 1864 3701 ju-

193 3723 229 3766 ra
254 3695 371 3762 utendi
395 3697 526 3763 viribus
547 3700 654 3766 suisa
680 3701 839 3768 beneficio
859 3706 1048 3786 communi,
1064 3705 1106 3772 ad
1130 3705 1328 3773 beneficium
1371 3706 1520 3793 roprium
1544 3701 1761 3782 transtulisse,
1777 3718 1815 3768 ut
1837 3703 1865 3770 is

193 3807 317 3855 terrore
339 3797 504 3854 tantarum
532 3789 655 3856 virium
680 3789 852 3859 unitarum
875 3795 925 3860 sin
952 3795 1086 3862 ulorum
1111 3796 1298 3864 voluntates
1320 3727 1370 3860 ad
1386 3796 1548 3860 unitatem
1578 3805 1610 3857 et
1633 3791 1863 3876 concordiam,

196 3877 269 3959 rel,
293 3889 332 3941 nt
357 3875 456 3943 serbo
479 3876 602 3962 dicam,
618 3879 830 3948 socialitatem
854 3817 1088 3953 conlirmaretr
1105 3897 1208 3979 atque
1233 3885 1277 3950 ita
1301 3885 1487 3952 societatem
1513 3879 1688 3972 perlectam
1714 3883 1863 3950 inierunt

196 3967 363 4048 homines,
387 3989 475 4058 qnae
496 3969 608 4036 omnia
633 3971 668 4037 itt
692 3993 727 4038 se
748 3973 924 4064 complecti
947 3976 1099 4059 videtur,
1114 3999 1198 4068 quae
1221 3973 1384 4040 advitam
1409 3985 1495 4040 recte
1519 3971 1679 4039 tuendam
1703 3985 1784 4039 sunt
1806 3995 1865 4038 na-

195 4057 346 4124 cessaria.
370 4054 448 4145 Quo
471 4057 554 4124 sacto
578 4081 696 4149 porro,
720 4060 867 4129 dictante
892 4067 965 4154 jure
989 4065 1099 4134 sociali
1123 4090 1180 4133 seu
1207 4065 1382 4157 gentium,
1415 4079 1580 4156 tamquam
1613 4062 1781 4128 communi
1813 4087 1865 4128 so·

195 4145 322 4214 cietatis
345 4144 508 4214 humanae
534 4148 683 4238 vinculo,
705 4147 935 4221 distinctiones
958 4153 1182 4224 dominiorum
1211 4163 1245 4220 et
1274 4165 1439 4246 separatae
1469 4151 1682 4245 possessiones
1710 4151 1865 4220 ridentur

196 4239 401 4304 constitutae.
428 4237 518 4303 Dum
545 4261 656 4310 coetus
689 4241 745 4310 ille
775 4244 939 4334 perlectus
969 4245 1018 4314 rel
1049 4248 1201 4337 princeps
1231 4245 1284 4313 'ns
1311 4243 1515 4334 singulorum
1545 4242 1582 4308 io
1610 4265 1645 4308 sc
1669 4241 1865 4309 translatum

196 4325 314 4392 iisdem
338 4325 432 4416 quasi
458 4327 679 4418 particulatim
704 4333 889 4402 secundum
918 4341 1138 4422 mensorium,
1167 4347 1205 4402 ut
1244 4360 1264 4402 o
1292 4347 1442 4417 uuutnr,
1475 4333 1719 4424 proportionem
1751 4332 1865 4400 distri·

198 4415 292 4501 buit,
317 4417 362 4482 itu
387 4427 515 4499 tamen,
539 4431 717 4490 uteorum
740 4424 930 4494 dominium
962 4425 1006 4496 ab
1038 4428 1096 4496 illo
1129 4428 1239 4519 priore
1265 4361 1405 4492 dontino
1429 4421 1599 4510 penderet.
1624 4421 1675 4488 Er
1700 4422 1786 4490 bisce
1819 4423 1864 4486 ita

196 4503 293 4572 dictis
318 4529 414 4596 porro
438 4507 555 4576 inlerri
623 4529 708 4598 test,
730 4514 895 4604 principes
919 4540 987 4584 uon
1010 4519 1149 4585 omnino
1171 4531 1306 4585 cunctas
1320 4513 1543 4606 ¹possessiones
1568 4514 1602 4578 itt
1626 4509 1774 4580 subditos
1796 4509 1867 4576 sirt-

198 4594 292 4688 gnlos
315 4597 426 4662 denno
450 4610 576 4666 transtu
595 4603 672 4687 issa,
696 4602 753 4670 sed
777 4601 819 4672 ad
844 4607 1096 4675 uniuersitatem
1120 4608 1302 4676 nonnullae
1320 4604 1493 4686 retulisse,
1515 4601 1648 4692 sibique
1672 4613 1865 4682 reserveris,

198 4689 330 4778 partim
344 4697 514 4778 tamquam
542 4694 781 4782 patrimonium
798 4696 1022 4764 universitatis
1042 4721 1099 4764 seu
1125 4697 1226 4762 totius
1250 4697 1380 4788 populi,
1396 4697 1492 4783 cuius
1516 4691 1694 4780 imaginem
1714 4692 1867 4781 princeps
1975 4769 1977 4774 ,

198 4776 301 4867 gerit,
326 4791 365 4841 ut
388 4776 430 4842 ad
450 4783 703 4850 sustentandum
726 4796 831 4851 status
853 4786 914 4870 sui,
929 4785 1137 4876 splendorem
1161 4788 1403 4870 conducerent,
1429 4783 1548 4874 partim
1573 4779 1673 4862 tales,
1696 4803 1784 4873 quae
1806 4803 1866 4869 per

198 4891 232 4933 se
256 4881 409 4934 naturam
434 4868 595 4959 regalium
621 4876 779 4964 sapiunt,
803 4873 952 4966 adeoque
975 4877 1170 4970 regulariter
1192 4876 1232 4942 ad
1259 4877 1422 4968 privatam
1447 4891 1514 4938 non
1537 4887 1694 4961 spectant.
1718 4872 1867 4960 Quamo-

200 4957 294 5022 brem
321 4978 387 5021 nou
412 4957 649 5031 inconveniens
672 4963 816 5030 naturali
842 4967 963 5032 rationi
987 4968 1138 5049 videtur,
1160 4965 1252 5056 quod
1276 4965 1437 5032 nimirum
1463 4962 1605 5051 privati,
1629 4962 1783 5052 quamtis
1814 4983 1866 5026 re-

200 5044 361 5201 gulariter
385 5047 592 5136 possessionis
615 5077 693 5120 suae
717 5053 853 5120 titulum
877 5053 975 5122 edere
997 5079 1063 5124 non
1088 5067 1287 5136 teneantur,
1306 5057 1402 5121 certis
1425 5065 1535 5120 tanen
1559 5049 1686 5118 casibus
1707 5049 1749 5117 ad
1765 5049 1866 5116 eden·

225 5160 281 5202 um
311 5137 445 5202 titulum
475 5161 492 5204 a
523 5143 673 5236 principe
702 5143 864 5235 adstringi
889 5147 1028 5234 possint,
1051 5148 1079 5214 si
1103 5146 1155 5213 vel
1181 5147 1324 5212 maxime
1346 5143 1424 5210 talia
1448 5140 1653 5234 possideant,
1676 5163 1761 5234 qnae
1781 5140 1866 5232 juri-

199 5225 263 5293 bus
297 5225 486 5316 principum
519 5235 738 5302 communiter
769 5253 1055 5325 annumerantnr3
1088 5253 1203 5328 utpote
1233 5260 1309 5302 cum
1338 5232 1562 5326 praesumptio
1591 5254 1718 5324 semper
1740 5231 1786 5314 sit⁸
1804 5252 1865 5323 pro

201 5315 350 5406 principe
361 5364 372 5397 ‚
389 5313 502 5406 ipsum
527 5345 593 5388 non
619 5321 713 5392 facile
736 5323 986 5415 hujuscemodi,
1007 5349 1093 5418 quae
1109 5325 1149 5394 de
1173 5325 1303 5417 juribus
1325 5325 1392 5391 suis
1413 5319 1543 5412 aliquid
1558 5319 1727 5405 delibant,
1744 5319 1779 5388 in
1790 5321 1865 5427 pri·

199 5417 288 5472 vatos
320 5407 515 5476 contulisse.
548 5413 679 5482 lllnstre
711 5413 790 5482 satis
815 5413 874 5481 hoc
899 5413 981 5484 mihi
1011 5431 1245 5509 argumentum
1271 5415 1399 5496 risum,
1422 5411 1464 5478 de
1487 5434 1555 5502 quo
1578 5413 1612 5480 in
1637 5428 1800 5520 praesenti
1823 5435 1867 5480 ex

197 5489 354 5588 suffragio
377 5495 611 5570 celeberrimae
635 5503 782 5572 facultat.
808 5501 912 5596 jurid.
931 5505 967 5572 in
991 5506 1075 5574 alma
1100 5504 1266 5594 siadrina3
1283 5503 1422 5572 honores
1444 5517 1478 5567 et
1499 5501 1670 5598 privilegia
1692 5499 1866 5568 doctoralia

198 5582 389 5654 solemniter
413 5587 583 5674 ambiens,
606 5593 869 5662 dissertationem
894 5593 1041 5688 aliquam
1067 5619 1126 5688 pro
1149 5613 1248 5686 captu
1271 5591 1521 5661 conscriberem.
1541 5589 1719 5661 Caeterum
1736 5614 1777 5658 ex
1792 5591 1866 5658 ani·

196 5693 251 5740 ruo
283 5699 362 5746 cum
391 5675 473 5772 imp.
503 5697 613 5754 nostro
635 5707 770 5778 precor,
798 5696 836 5754 ut
863 5683 939 5774 ille,
962 5687 1001 5756 iu
1028 5709 1097 5779 quo
1131 5706 1200 5756 nno
1227 5683 1311 5756 mibi
1337 5705 1431 5776 spes,
1463 5683 1590 5780 quique
1617 5681 1714 5754 nobis
1734 5679 1865 5752 animas
