4400 6226
381 259 431 314 171
947 251 1135 306 utst’tlrtr.
1153 246 1206 303 ttt.
1221 249 1338 306 cttc‘r
1356 251 1392 304 ll.
1671 305 1679 324 ,
1914 251 1970 308 1¹12

254 349 308 406 ,08
326 355 446 426 legitime
464 361 648 410 lestementnm
667 351 748 416 iucitg
767 349 892 421 princepe
916 347 989 401 enim
1010 347 1053 401 bic
1072 356 1144 400 recte
1200 347 1287 412 tione,
1307 365 1356 402 nec
1376 346 1515 405 veeuttoe
1537 346 1672 417 postulers
1696 363 1715 417 p
1785 355 1908 404 teontee
1926 349 2014 404 dumi·

326 441 478 514 dispeusere
498 449 597 514 potest,
615 456 675 492 eum
694 437 738 492 bic
757 453 808 488 non
827 435 948 506 supplent
966 436 1146 500 intellectum,
1201 449 1279 498 uum,
1301 433 1329 485 in
1348 450 1423 486 ceusu
1441 432 1516 486 cirili
1529 433 1600 500 preci
1619 433 1661 486 rel
1679 432 1830 510 eripueli,
1842 433 2016 506 lib.2geud.

327 527 374 580 ted
393 528 484 580 tsltcm
504 524 577 577 tollet
596 522 815 594 impedimentum
832 519 972 590 leguleseu
989 518 1083 582 cirilee
1096 516 1145 570 boe
1198 515 1239 568 tit.
1259 516 1302 568 3³.
1320 513 1382 587 51.
1401 517 1532 571 llosentb.
1551 515 1698 586 defendis.
1711 536 1768 589 cup.
1783 520 1956 574 1⁰.oone1us.
1970 521 2016 573 88.

330 609 402 664 enim
423 607 515 679 utique
534 607 619 662 iecere
641 617 745 678 potest,
761 622 820 659 eum
846 621 925 676 snpre
942 604 1025 672 legem
1046 603 1083 656 sit
1101 621 1146 674 po-
1235 597 1391 670 Conjugium
1411 600 1554 671 spirituale
1572 600 1673 672 species
1691 600 1875 672 impedimenti
1893 613 2010 670 est,en-
2027 601 2066 654 87

329 691 412 756 titus,
423 691 488 744 hino
505 693 573 760 juste
593 690 661 743 tollit
680 687 897 760 impedimentum
912 688 1004 752 civile,
1018 705 1069 741 nou
1086 703 1147 740 reru
1201 683 1234 736 de
1252 693 1306 745 est¹
1326 685 1395 756 qnod
1411 684 1552 756 episeopus
1570 685 1649 740 nnius
1667 687 1807 749 eoelesiee,
1825 685 1857 740 ed
1876 687 1954 739 client
1973 705 2015 741 ee-

328 776 447 830 neturele
465 775 511 828 dn.
531 778 617 829 Prnes.
635 775 664 828 in
687 783 783 828 annot.
803 774 840 826 od
848 771 933 825 instit.
945 771 1089 826 letzur
1102 771 1147 824 12.
1202 765 1310 819 etesium
1330 769 1387 821 sine
1405 769 1563 822 suctoritste
1586 765 1723 839 pontificis
1750 769 1864 824 treusire
1881 786 1936 823 eon
1956 789 2016 841 poe-

331 862 351 917 i.
362 859 380 914 i.
392 861 432 914 od
441 861 528 915 uerbo
542 860 704 931 impuberes.
1202 849 1258 918 sit,
1274 851 1358 920 cepit.
1376 870 1436 906 cum
1449 853 1478 904 in
1491 851 1602 908 cunetis.
1619 854 1644 906 7.
1656 853 1807 922 capitulum
1825 856 1946 910 tenetu’t
1963 857 2007 910 10.

275 922 311 976 ⁸⁰
366 945 482 1016 impedit
500 959 578 1017 porro
595 953 666 996 netes
684 951 712 996 et
736 939 866 1013 temporis
884 941 1005 1010 lapsum,
1024 937 1148 1010 osneepiu
1201 951 1230 986 n.
1251 933 1287 988 do
1305 935 1378 992 elect.
1396 938 1479 1004 cope't.
1498 935 1524 988 l.
1534 943 1562 990 et
1579 935 1627 991 ult.
1645 937 1719 990 mele
1738 936 1837 1006 portel.
1848 935 1870 988 si
1883 953 1944 990 reru
1957 955 2017 1008 pro-

326 1027 399 1082 enim
419 1037 445 1080 et
464 1027 631 1099 prseseriptio
649 1027 721 1097 longi
741 1024 930 1099 temporisuee
946 1039 1001 1076 uon
1020 1021 1147 1092 longissi-
1203 1014 1264 1086 prio
1290 1027 1363 1070 motu
1388 1017 1524 1072 eeclesiam
1551 1035 1624 1072 suem
1650 1019 1767 1084 dermet,
1787 1029 1849 1072 tune
1872 1020 1973 1076 emittit
1989 1042 2019 1076 u·

328 1112 366 1164 mi
385 1112 457 1165 intre
474 1129 557 1166 enuos
577 1112 720 1184 pnpilleres
731 1111 858 1182 quiescit,
872 1109 988 1178 edeoqne
1000 1118 1090 1161 contre
1103 1123 1147 1161 rot
1204 1113 1335 1173 tremqne3
1355 1104 1580 1175 pmpriemquem
1600 1116 1752 1175 arroganter
1769 1106 1887 1175 spreuit,
1904 1106 2016 1159 elterem
2073 1127 2078 1134 ·

326 1215 412 1270 neque
430 1197 526 1271 incipit
543 1215 627 1270 neque
644 1211 734 1270 coepte
753 1198 851 1263 currit,
872 1197 890 1250 l.
918 1195 963 1247 18.
973 1191 1014 1263 ff.
1033 1191 1060 1246 d.
1077 1213 1106 1246 o.
1124 1210 1147 1244 r.
1202 1203 1282 1256 quem
1306 1197 1397 1240 contre
1414 1189 1457 1257 jos
1482 1204 1535 1240 nou
1561 1199 1661 1244 ettento
1685 1189 1878 1260 inpedimento
1894 1189 2020 1254 serbivit,

329 1283 355 1336 d
368 1283 387 1336 l.
400 1284 443 1335 10.
454 1283 648 1354 quibusmodis
660 1283 749 1340 servit.
762 1281 851 1336 omitt.
864 1281 883 1333 i.
899 1282 977 1335 eiciet.
997 1281 1022 1332 8.
1041 1276 1101 1332 eod·
1114 1278 1149 1331 de
1201 1270 1282 1340 cepit·
1293 1281 1397 1341 quanto
1410 1272 1434 1324 8.
1447 1271 1476 1324 in
1477 1271 1549 1342 fine.
1563 1291 1593 1326 e.
1600 1273 1633 1326 de
1644 1275 1770 1328 tronslot.
1781 1274 1862 1346 episc.
1870 1276 1928 1330 ttoe
1938 1275 2021 1348 impe·
2037 1278 2076 1330 88

326 1369 483 1436 ωαψς,
495 1368 539 1422 ³⁰.
552 1387 701 1422 mmm,
714 1370 733 1420 ι,
744 1385 797 1438 p„
809 1376 928 1435 ,mem
946 1365 974 1418 ῃ,
992 1375 1011 1429 ς,
1031 1363 1085 1418 „⁰0
1096 1381 1148 1434 pu.
1201 1351 1370 1417 elimentum,
1388 1354 1412 1406 si
1428 1372 1443 1406 ι
1461 1354 1559 1408 ποιιιίι
1578 1357 1703 1412 ecelesiae
1721 1357 1854 1412 ministris
1870 1356 2021 1414 ubserrers-

329 1451 396 1521 pilio
410 1452 453 1504 lb.
463 1451 556 1522 [ἥρω
577 1464 707 1522 emptore.
725 1450 810 1522 isin.
827 1451 887 1505 cod.
907 1453 936 1503 in
951 1447 1149 1518 quibuscouse'e
1203 1446 1261 1503 bnt,
1279 1438 1438 1494 leedandum
1455 1453 1542 1509 esset,
1556 1444 1584 1497 in
1603 1443 1659 1497 illis
1676 1445 1748 1498 enim
1766 1443 1856 1499 eedem
1875 1445 2016 1499 enbestre·

278 1527 313 1580 00
332 1535 416 1588 restit.
429 1555 486 1590 non
497 1547 537 1590 est
550 1538 698 1590 necessari.
718 1537 796 1590 detes
813 1552 916 1606 qnoque
934 1533 1048 1586 minoris
1065 1532 1148 1586 etiem
1205 1523 1262 1589 lio,
1279 1541 1339 1578 urm
1359 1535 1386 1578 et
1403 1525 1433 1578 hi
1452 1538 1539 1582 oense
1553 1529 1678 1582 eeclesim
1701 1529 1909 1599 desponseutnr,
1930 1529 1969 1582 sd
1985 1529 2019 1584 ed

328 1619 521 1690 quedemtcnns
538 1620 759 1690 impedimentum
779 1621 901 1692 pmebet,
919 1617 966 1673 sed
989 1635 1042 1670 nun
1062 1607 1091 1670 in
1111 1626 1148 1670 to·
1201 1627 1290 1664 eurem
1308 1611 1456 1666 reinerum
1474 1624 1561 1670 certee
1577 1617 1704 1670 eeclesise
1716 1627 1854 1683 iocentur,
1868 1616 1947 1670 sicuti
1960 1633 2022 1687 ergo

330 1714 405 1769 turne
423 1705 464 1759 sic
479 1726 493 1759 s
514 1704 630 1760 breviori
649 1705 857 1777 praescriptione
869 1714 929 1776 pute
948 1705 974 1754 8.
999 1703 1043 1754 10.
1060 1711 1087 1754 et
1105 1700 1148 1754 10.
1203 1694 1270 1748 bruc
1281 1711 1369 1749 rursm
1384 1698 1502 1769 recipere
1511 1699 1545 1752 ub
1557 1699 1639 1752 initio
1656 1697 1708 1751 iuit
1724 1699 1881 1762 soluntetis,
1897 1698 1932 1751 ite
1945 1709 2020 1770 pret-

333 1803 460 1842 ennorum
482 1797 553 1842 tutus
570 1799 611 1842 est
628 1788 686 1860 ipso
703 1791 762 1856 jure
781 1788 883 1854 minor,
899 1803 950 1855 per
966 1785 1046 1856 alleg.
1063 1784 1149 1852 legem
1202 1797 1281 1849 quem
1307 1797 1365 1834 eene
1391 1791 1573 1852 receperunt,
1598 1782 1753 1836 neomitete
1777 1782 2020 1850 constringuntur,

321 1869 456 1942 fimeod.
473 1873 608 1946 inquibus
626 1872 715 1927 courir
734 1871 842 1926 restitit.
861 1891 920 1926 non
938 1881 978 1924 est
989 1867 1152 1924 necessorin.
1202 1879 1237 1916 ue
1252 1863 1286 1916 eb
1304 1865 1353 1918 boc
1371 1865 1542 1935 obligetionis
1561 1881 1631 1919 neeu
1648 1881 1698 1934 pro
1715 1865 1803 1919 lubitu
1821 1863 2019 1920 antoninus
2037 1871 2074 1925 ω

282 1953 317 2005 81
338 1955 391 2006 sole
410 1955 562 2010 tricennelis
585 1957 762 2028 prsescriptio
783 1957 881 2010 minori
906 1955 1008 2019 currit,
1026 1953 1097 2006 sslro
1114 1964 1150 2006 ts·
1205 1948 1279 2002 euim
1300 1965 1377 2001 nemo
1394 1948 1515 2002 desmre
1527 1949 1758 2018 putrelntgolium
1772 1948 1870 2019 primii
1887 1947 2022 2017 euiusdm

332 2053 395 2088 men
415 2037 444 2089 in
463 2039 597 2108 integrum
617 2040 796 2092 restitutionis
813 2035 957 2100 beneficio,
977 2035 1030 2092 rid·
1049 2034 1094 2091 dd.
1113 2033 1153 2089 ud
1205 2031 1340 2097 bominis,
1357 2032 1381 2087 si
1409 2033 1490 2086 mmel
1515 2031 1544 2084 id
1567 2033 1655 2104 ipsum
1681 2033 1711 2086 in
1729 2049 1758 2086 se
1774 2035 1905 2104 nsoepit,
1922 2033 2021 2105 ebsqete

333 2120 387 2173 13.
400 2123 459 2176 coel.
471 2123 565 2195 quibus
577 2139 633 2175 non
646 2121 776 2195 objicitur
785 2123 862 2194 longi
878 2120 1009 2188 temporis
1018 2119 1151 2190 praescri·
1204 2117 1386 2187 prsestetione
1410 2115 1554 2178 interesse,
1576 2133 1656 2184 quere
1679 2117 1842 2170 nontrerinm
1865 2133 1915 2188 pro
1936 2117 2024 2170 lubitu

328 2206 594 2274 ptio.1.unt'coeud.
612 2212 639 2260 ιι·
654 2211 789 2264 aduersus
806 2205 1009 2279 usucapionem.
1028 2205 1149 2258 Brunue-
1204 2199 1297 2251 liceret
1316 2197 1345 2250 in
1357 2197 1472 2263 divinit,
1487 2215 1547 2250 cum
1565 2196 1611 2250 ltin
1629 2197 1816 2268 Denqueesite
1834 2198 1870 2252 sit
1886 2198 2022 2270 obttqetto

330 2305 420 2342 menn.
431 2290 469 2343 nd
482 2291 694 2348 Weeembecium.
705 2294 746 2346 tit.
758 2293 792 2345 de
805 2309 897 2362 usurp.
910 2302 939 2343 et
949 2306 1060 2353 urucop.
1071 2305 1153 2360 quoe·
1208 2282 1286 2352 Quod
1306 2300 1338 2336 eo
1356 2285 1440 2351 meqis
1456 2282 1602 2348 obtinebit,
1614 2282 1638 2336 si
1656 2285 1765 2338 ecclesie
1783 2285 1881 2338 multos
1897 2293 2022 2358 sumptus

276 2377 313 2430 ne
334 2383 370 2426 sc.
384 2374 428 2426 tlt.
448 2374 500 2426 sed
520 2388 605 2446 ponec
629 2377 673 2428 tto
695 2377 793 2445 objici,
813 2377 839 2427 ei
862 2377 951 2426 minor
969 2377 1051 2441 nejor
1070 2372 1153 2426 tectos
1206 2367 1363 2438 inpendere
1380 2383 1515 2420 neoemeo
1533 2365 1664 2422 babuerit.
1683 2368 1773 2422 Potest
1794 2378 1882 2424 tenen
1907 2385 1964 2424 esse
1980 2387 2021 2424 ee-
2041 2371 2079 2424 ’tn

335 2454 512 2510 nibilominus
531 2458 696 2526 restituitur,
714 2457 747 2511 ed
764 2456 829 2528 qnid
854 2456 976 2526 proderit
994 2455 1155 2526 rescriptio?
1207 2468 1264 2517 sus,
1284 2451 1329 2504 nbi
1349 2452 1473 2505 minister
1490 2451 1615 2506 eeclesiee
1631 2453 1702 2507 seles
1719 2453 1881 2508 conscientie
1906 2463 2021 2519 mutere,

331 2538 498 2606 ilotsudnm,
518 2539 639 2595 effectum
659 2543 689 2594 in
712 2557 744 2594 eo
762 2541 862 2604 lutere,
877 2538 948 2610 qnod
966 2547 1058 2590 contre
1077 2553 1152 2610 prse-
1206 2545 1234 2588 et
1252 2551 1325 2589 suem
1345 2537 1482 2590 ecclesium
1499 2535 1620 2591 deserete
1643 2547 1748 2607 potest,
1765 2537 1788 2590 si
1807 2537 1911 2592 eettteet
1933 2537 1962 2592 iu
1980 2556 2024 2593 se·

332 2621 505 2693 scriptionem
525 2626 633 2692 quidem
654 2622 731 2676 detur
749 2623 898 2689 restitutio,
915 2638 983 2692 qnee
1003 2632 1091 2676 temen
1109 2623 1154 2673 in·
1205 2619 1286 2674 cleris
1310 2621 1367 2685 ille,
1390 2619 1424 2673 nd
1445 2637 1524 2691 quem
1547 2631 1669 2687 rocetos,
1687 2623 1747 2691 plns
1771 2621 1800 2676 in
1824 2622 1950 2678 bmorem
1970 2624 2021 2678 ttet

333 2711 375 2757 lre
397 2715 507 2776 quotuor
529 2721 629 2770 runos,
652 2707 676 2759 ti
701 2707 785 2774 mejot
806 2705 905 2772 seclus,
931 2705 1058 2777 petatis,
1083 2707 1154 2759 bunc
1206 2699 1348 2758 emittere
1372 2703 1472 2774 possit,
1491 2703 1526 2756 nb
1553 2707 1637 2774 tusjus
1659 2719 1719 2758 reto
1741 2705 1883 2772 tsieriunt,
1899 2708 1970 2776 quud
1988 2707 2019 2760 iu

334 2788 479 2842 terminum
499 2787 571 2841 euim
590 2787 614 2840 si
631 2789 797 2860 neglexerit,
814 2791 874 2858 jure
892 2805 938 2842 suo
957 2787 1031 2842 cedit
1047 2796 1074 2842 et
1092 2805 1153 2842 seu·
1205 2788 1259 2842 elin
1276 2788 1333 2842 loon
1357 2797 1463 2858 speret,
1480 2787 1594 2841 mutetio
1619 2789 1688 2844 seles
1712 2790 1877 2844 conscientie
1893 2787 1954 2844 fieri
1973 2807 2020 2844 ue·

338 2873 371 2926 tit
391 2891 502 2945 poenum
521 2873 709 2944 negligentise,
727 2885 755 2929 et
773 2872 944 2944 preeseriptin
963 2875 1031 2930 sulse
1048 2873 1109 2928 erit·
1204 2875 1281 2944 qeit,
1300 2874 1325 2927 1.
1340 2883 1409 2950 petr.
1428 2873 1454 2926 b.
1472 2891 1502 2928 u.
1519 2873 1546 2926 2
1560 2872 1705 2928 bulduinus
1722 2873 1751 2928 in
1769 2875 1874 2930 cutibus
1884 2878 2025 2930 mnesteu-

280 2953 316 3006 00
370 2961 596 3032 impedimentum
615 2971 730 3032 praestet
748 2973 774 3016 et
794 2961 1061 3026 montlieuueeete
1078 2979 1153 3016 mors
1205 2962 1262 3013 tine
1279 2958 1325 3014 lili.
1344 2959 1370 3011 1.
1387 2969 1458 3029 enpt.
1474 2959 1499 3014 b.
1516 2975 1571 3014 cns.
1589 2960 1633 3012 10.
1653 2960 1707 3014 lin.
1726 2961 1878 3016 lieubsuer.
1894 2962 1924 3015 in
1942 2963 2019 3015 tlteo·

337 3045 456 3100 haeredis
475 3045 503 3098 in
521 3045 642 3100 edeuntlo
660 3043 772 3117 impedit
787 3049 922 3117 querelem
949 3043 1093 3100 inofficiosi
1114 3056 1152 3101 te·
1205 3045 1281 3116 leste
1298 3045 1744 3116 conscientinnbpnrt.2specioi.
1758 3044 1867 3117 dialogo
1880 3049 1906 3100 8.
1919 3059 2019 3122 qenett.

335 3129 481 3193 elementi,
499 3128 567 3184 bene
589 3127 662 3182 euim
685 3129 835 3199 querelem,
858 3130 904 3200 qni
928 3131 1058 3186 inteutere
1080 3130 1151 3198 rnlt,
1207 3130 1249 3184 tlt
1264 3147 1324 3201 ρας.
1343 3131 1406 3184 itt.
1424 3129 1492 3184 bene
1507 3149 1611 3202 qnoque
1633 3131 1683 3186 boc
1707 3149 1767 3184 essu
1784 3131 1886 3185 rocstlo
1902 3151 1918 3185 ι
1936 3143 2018 3188 tente-
2037 3123 2073 3174 7¹

333 3225 364 3266 et
381 3215 449 3268 intre
467 3215 677 3284 quinquennium
697 3215 739 3282 ins
756 3230 832 3267 snum
851 3232 903 3270 nnn
923 3215 1152 3287 prosequitur,te·
1207 3217 1279 3270 done
1296 3215 1386 3270 dirius
1403 3213 1606 3286 distinguendo,
1625 3215 1730 3287 seepius
1746 3215 1819 3270 enim
1838 3217 1909 3270 Deus
1932 3227 2022 3273 oeten·

336 3297 389 3352 oite
407 3297 511 3352 videtur
535 3297 686 3368 repudiesse
710 3299 916 3366 luereditetem,
934 3313 1009 3371 etque
1034 3302 1152 3355 solunte·
1204 3301 1246 3355 dit
1263 3301 1427 3356 occasionem
1445 3299 1584 3370 quemdum
1605 3299 1872 3372 honorabilemque
1894 3303 2020 3372 exploret

334 3391 388 3435 tem
409 3381 528 3436 defuncti
540 3383 712 3453 opprobessee
730 3384 754 3436 si
778 3401 841 3439 reru
863 3382 955 3438 heeres
981 3384 1098 3454 scriptos
1121 3385 1151 3439 in
1207 3395 1234 3440 et
1249 3385 1386 3452 ostendit,
1403 3401 1482 3457 quem
1499 3382 1587 3437 tidelis
1609 3384 1671 3454 quis
1690 3385 1728 3439 sit
1749 3385 1875 3440 ecdesiee
1896 3403 1972 3455 ruse,
1992 3397 2021 3442 et

334 3481 409 3520 more
428 3466 469 3519 sit.
482 3465 614 3530 adeundi,
631 3467 779 3536 legitimum
799 3467 828 3521 id
854 3485 911 3524 esse
930 3468 1152 3540 impedimentum
1206 3473 1256 3526 lenc
1273 3468 1306 3526 fit
1324 3471 1357 3524 ed
1374 3469 1547 3542 penbendum
1565 3470 1696 3523 enimnm.

335 3563 488 3615 unumne,
506 3547 578 3604 filins
596 3553 744 3607 enimente
761 3552 858 3610 sditem
870 3553 1058 3608 brereditetem
1077 3569 1153 3622 egere
1240 3556 1469 3626 lmpedimentum
1492 3551 1600 3624 preebet
1624 3569 1700 3606 cesns
1726 3549 1865 3620 iurtnitus,
1883 3551 2022 3626 praeripere
2039 3547 2078 3600 ’Β

339 3651 392 3688 non
411 3643 514 3704 potest,
531 3653 590 3688 cum
609 3653 658 3708 per
674 3637 822 3692 editionem
845 3639 951 3693 demum
975 3640 1045 3692 eires
1063 3655 1152 3693 conse-
1207 3641 1236 3694 in
1253 3638 1441 3694 routrsctibns.
1461 3638 1557 3693 sicin
1580 3646 1714 3692 contrectn
1735 3636 1890 3704 lucutionis,
1908 3638 1932 3690 si
1950 3638 2020 3691 luee-

335 3729 430 3789 qnetnr
448 3730 703 3790 testementum,qns
721 3739 773 3775 non
792 3733 894 3790 scente,
906 3723 1091 3778 eebseredetio
1102 3722 1154 3780 erit
1205 3735 1247 3779 tor
1265 3742 1322 3778 rem
1342 3726 1382 3780 rel
1409 3723 1552 3778 restituere
1572 3723 1656 3786 nolit,
1674 3723 1714 3780 rel
1739 3739 1793 3776 nou
1814 3722 1914 3794 possit,
1940 3724 2020 3777 looeti

338 3804 408 3856 nulls
427 3805 446 3857 1.
472 3806 515 3858 88.
540 3803 606 3867 §.2
630 3806 690 3859 cod.
706 3807 739 3862 de
759 3803 867 3876 inoffic.
891 3817 997 3861 testum.
1022 3807 1103 3862 lut.
1122 3811 1151 3863 in
1206 3809 1273 3864 setin
1296 3807 1425 3880 competit
1447 3807 1557 3862 locuturi
1582 3817 1673 3862 contro
1697 3805 1881 3862 conductorem
1908 3807 2021 3876 ejusque

329 3885 395 3958 fine
413 3886 440 3940 d.
457 3899 475 3941 t.
494 3889 692 3943 Brunnemsnn.
712 3889 741 3944 in
766 3902 909 3946 comment·
926 3893 964 3946 ud
980 3893 1005 3946 d.
1022 3893 1041 3945 i.
1061 3895 1106 3947 88.
1124 3913 1152 3950 π.
1206 3893 1364 3959 beeredem,
1376 3901 1406 3946 ut
1425 3891 1464 3945 rei
1484 3891 1568 3962 ipsius
1584 3887 1631 3947 fiet
1649 3890 1796 3959 restitutio,
1818 3891 1861 3945 rel
1878 3889 1948 3944 lenti
1959 3907 2021 3944 cou-

285 3976 321 4029 81
340 3973 382 4026 10.
400 3981 428 4025 et
441 3973 484 4023 11.
496 3973 532 4028 nti
550 3973 622 4026 enim
640 3991 693 4027 non
711 3974 781 4030 entis
799 3977 888 4030 nullse
904 3986 964 4030 ιιιιι
981 3975 1150 4046 offertiones,
1207 3978 1347 4032 demuetnr
1358 4018 1367 4043 ,
1378 3977 1471 4048 quenti
1491 3977 1519 4028 in
1537 3976 1615 4029 litem
1632 3975 1761 4045 jureeerit
1778 3974 1923 4041 locetur,l.
1939 3972 1967 4026 si
1976 3974 2023 4028 eni

339 4057 377 4108 ite
399 4069 448 4108 nec
471 4056 645 4127 privationes,
670 4075 737 4127 quae
760 4060 828 4112 setio
852 4061 923 4113 enim
948 4059 1066 4113 nondum
1089 4071 1151 4116 nete
1205 4061 1251 4117 18.
1268 4058 1565 4130 ffllocotilridiritn
1579 4060 1606 4112 8.
1624 4059 1683 4114 cod.
1702 4057 1815 4113 locuti.
1832 4056 2018 4116 viduumne&

337 4147 392 4200 eet,
410 4139 456 4192 ille
475 4156 526 4192 non
544 4151 633 4210 potest
650 4141 788 4212 cepirsre,
807 4144 826 4196 t.
847 4148 872 4197 1.
890 4163 912 4198 c.
930 4145 963 4198 de
980 4163 1047 4198 nnn.
1064 4163 1125 4200 exc.
1205 4147 1359 4217 puiuinum
1371 4141 1449 4213 Μ’.
1463 4142 1596 4198 eudemi-
1612 4139 1833 4213 denisii-cod.
1845 4139 1939 4194 ectu
1957 4155 2020 4193 sero
2036 4146 2072 4198 73

286 4226 322 4277 db
375 4221 473 4274 blnnus
491 4237 535 4275 seu
552 4219 672 4277 officinm
699 4225 905 4282 ecclesiasticum
932 4227 1151 4299 impedimentum
1209 4229 1319 4302 probore
1342 4228 1428 4302 possit
1450 4245 1538 4281 cesum
1564 4225 1721 4292 iurtnitum,
1745 4223 1813 4279 iorte
1840 4221 1911 4292 qnod
1941 4220 2020 4276 redes

336 4301 455 4373 presbet·
472 4303 549 4360 Unde
567 4317 622 4371 est,
635 4307 704 4377 quod
721 4311 823 4379 judices
841 4327 898 4364 esse
916 4329 970 4365 nou
988 4315 1094 4382 possint
1107 4331 1153 4368 ne·
1205 4313 1343 4369 oondnctee
1363 4309 1486 4364 incendio
1505 4312 1560 4365 sint
1575 4319 1746 4381 consumptor
1752 4347 1762 4375 ,
1780 4305 1932 4362 euellendus.
1950 4305 2016 4360 Cum

336 4404 388 4458 que
406 4385 435 4440 in
453 4389 538 4441 musis
555 4388 754 4459 criminelibns,
768 4393 816 4448 sub
834 4413 916 4466 poene
930 4395 1151 4468 irregularitatis,
1171 4415 1174 4421 ·
1205 4409 1293 4453 eutem
1313 4393 1466 4450 incendium
1484 4411 1590 4465 semper
1605 4396 1681 4466 outpe
1693 4392 1900 4448 iubebitsntlum
1917 4389 2016 4446 isetuen

337 4486 423 4540 neque
440 4471 469 4524 in
487 4471 572 4525 esnsis
597 4475 768 4530 recoleribns.
793 4478 942 4550 imperetur
959 4480 1032 4534 enim
1051 4480 1151 4534 eonsti-
1204 4501 1261 4538 esse
1278 4490 1474 4553 praesumetur,
1492 4478 1590 4550 erp-1·
1606 4478 1709 4550 penui·
1734 4485 1760 4541 i·
1777 4479 1803 4530 ¹·
1819 4473 1860 4545 ff·
1887 4473 1921 4528 ὼ
1944 4473 2018 4545 ‘ffl-

339 4553 404 4618 tnit,
424 4570 457 4606 ne
474 4554 615 4625 quicquum
633 4574 772 4612 commune
791 4561 825 4616 sit
841 4563 939 4616 elerico
957 4581 1017 4617 eum
1036 4562 1152 4635 publicis
1203 4567 1335 4640 praefeci.
1348 4563 1473 4636 uigilum.
1493 4562 1658 4633 diligentium
1676 4578 1748 4616 suem
1762 4561 1790 4614 in
1805 4559 1942 4616 trectsudo
1959 4557 2020 4628 ique

336 4635 501 4702 notionibus,
520 4637 576 4692 imo
592 4639 766 4710 opprobrium
785 4645 941 4708 essedieit,
962 4645 985 4697 si
1004 4647 1152 4716 ceperitne
1205 4649 1330 4720 prebebit
1351 4644 1559 4720 peterlemiliesc
1584 4661 1633 4699 nec
1658 4643 1755 4716 relert,
1781 4641 1838 4696 sire
1866 4640 2018 4696 incendium

337 4721 476 4776 ostendent
498 4720 722 4794 disceptationum
746 4723 908 4790 forensium,
925 4726 945 4778 l.
972 4728 1016 4779 17.
1040 4729 1102 4781 eod.
1119 4730 1152 4785 de
1204 4731 1423 4805 petrieiemilies,
1453 4732 1507 4786 tiro
1529 4729 1648 4784 iemiliee
1673 4728 1748 4798 culpe
1773 4725 1871 4782 iactum
1894 4727 1947 4792 sit,
1965 4726 2018 4779 sibi

338 4802 416 4872 rpite.
434 4817 459 4859 et
476 4806 540 4860 cler.
563 4807 581 4858 l.
601 4805 647 4858 11.
666 4807 692 4860 d.
717 4817 737 4859 r.
755 4806 773 4862 l.
791 4807 834 4862 18.
858 4808 919 4862 cod.
943 4808 978 4860 de
1001 4819 1108 4864 tectum.
1126 4821 1154 4866 et
1206 4817 1279 4872 enim
1299 4819 1412 4890 imputet
1429 4811 1651 4884 domioue,qnod
1664 4829 1717 4866 non
1736 4827 1822 4866 terroe
1834 4809 1904 4879 lrnqi
1922 4809 1954 4862 sd
1968 4809 2019 4862 mi·

338 4889 565 4958 quemadmodum
583 4901 629 4946 eet.
646 4892 809 4947 ordinentur
832 4893 915 4962 cupit.
928 4893 974 4948 ult.
993 4904 1032 4946 est
1049 4911 1084 4949 ne
1100 4897 1151 4950 ele·
1206 4903 1347 4955 nisterlnm
1365 4899 1476 4970 elegerit
1492 4895 1573 4968 ifin.
1584 4893 1643 4969 §b
1663 4906 1740 4952 nnut.
1757 4894 1909 4966 cooperui.
1927 4909 1984 4965 urg.
1998 4896 2018 4948 l.

338 4973 417 5028 rictu.
429 4976 447 5027 l.
460 4977 586 5029 monocle.
600 4979 697 5030 Anton.
712 4977 801 5030 Pereo.
811 4978 938 5049 proeleot.
950 4981 981 5030 in
994 4978 1040 5033 lib.
1054 4983 1077 5034 1.
1090 4983 1152 5035 cod.
1207 4988 1233 5039 tt.
1256 4983 1281 5058 fi.
1301 4989 1325 5038 1.
1336 4984 1378 5055 ff
1403 4987 1436 5040 de
1454 4983 1531 5054 offic.
1545 4981 1680 5055 proefeoti
1694 4981 1811 5050 uigilum.
1830 4979 1847 5032 t.
1864 4979 1892 5032 si
1907 4980 2015 5032 uende'tn

337 5057 377 5114 tit.
396 5059 421 5111 8.
439 5077 467 5111 π.
487 5058 513 5112 0.
530 5061 584 5112 lin.
604 5061 712 5114 Preeses
729 5063 758 5114 in
777 5072 872 5114 nnnot.
892 5062 984 5133 eujus
996 5065 1152 5119 ecclesiasti·
1208 5073 1251 5123 tt.
1261 5067 1306 5138 ff.
1324 5068 1358 5122 de
1372 5068 1484 5138 pericul-
1502 5077 1530 5121 et
1551 5064 1685 5122 comenod.
1702 5064 1746 5118 rei
1760 5063 1893 5118 uenditor.
1910 5064 2019 5116 Hertm.

285 5147 321 5199 08
338 5160 398 5198 cum
417 5142 561 5200 Brnnnem.
579 5147 623 5200 lib.
643 5149 668 5199 1.
685 5161 744 5213 cop.
761 5146 788 5197 8.
807 5145 917 5200 membr.
937 5149 980 5199 10.
999 5161 1018 5216 ς.
1032 5151 1059 5206 8.
1074 5151 1150 5221 Quod
1209 5154 1306 5207 Pistor.
1327 5154 1371 5205 18.
1389 5172 1418 5206 π.
1436 5153 1464 5204 8.
1481 5151 1529 5204 lib.
1550 5153 1575 5203 1.
1594 5149 1723 5203 Muscsrd.
1747 5151 1781 5204 de
1795 5147 1902 5216 probet.
1921 5148 1972 5202 rol.
1993 5151 2019 5200 t.

338 5237 425 5282 temen
443 5246 517 5286 seons
540 5231 568 5284 in
587 5233 675 5286 censis
700 5231 885 5286 eoelesiesticis
908 5243 934 5286 et
959 5235 1150 5289 miserebilium
1206 5237 1324 5291 conclus.
1342 5237 1403 5290 m.
1423 5255 1449 5289 π.
1468 5237 1494 5288 8.
1513 5239 1611 5290 Verum
1631 5234 1681 5287 boc
1699 5232 1920 5303 intelligendum,
1938 5233 1960 5286 si
1974 5235 2017 5288 de·
2037 5239 2069 5290 tt

337 5329 517 5382 personemne.
536 5317 555 5368 l.
575 5317 619 5370 28.
638 5315 719 5386 §.fin
736 5321 795 5372 cod.
816 5319 849 5372 de
870 5318 947 5388 episc.
959 5320 1059 5375 etrier.
1070 5323 1150 5390 cepit.
1205 5323 1328 5392 linquent
1345 5325 1413 5375 circe
1431 5317 1552 5374 officium
1571 5319 1622 5372 sibi
1636 5319 1771 5372 edomino
1788 5316 1974 5381 commissum,
1990 5317 2018 5370 iu

336 5395 434 5460 clpriei.
449 5400 475 5451 1.
486 5417 517 5451 n.
528 5400 561 5454 de
569 5402 739 5468 postulando.
753 5403 851 5456 Deseel.
867 5416 972 5459 erotem.
978 5405 1057 5478 juris
1066 5425 1151 5462 eono-
1205 5425 1257 5476 quo
1277 5404 1465 5475 peteriemilies
1488 5421 1577 5457 eornm
1596 5419 1674 5474 opere
1700 5400 1800 5465 utitur,
1819 5409 1910 5472 utpote
1929 5398 1952 5452 si
1971 5409 2019 5452 ste·

340 5479 398 5532 erici
412 5479 457 5534 lib.
478 5485 502 5532 1.
521 5483 561 5535 tit.
580 5485 622 5536 87.
640 5489 741 5553 quaest.
768 5487 793 5537 8.
811 5487 845 5539 Et
862 5487 884 5541 ei
904 5499 991 5542 contre
1011 5491 1147 5544 ecclesium
1207 5491 1325 5545 bulerius
1342 5491 1370 5542 in
1398 5489 1501 5541 etsbulo
1523 5488 1609 5556 ignem
1630 5496 1676 5541 eut
1702 5483 1834 5539 crudelem
1856 5483 2018 5552 negligenter

338 5579 410 5616 seem
430 5566 555 5634 postulae
574 5568 663 5637 perdit
685 5565 844 5624 beneficium
871 5581 902 5626 ut
925 5571 1051 5640 ingestus.
1069 5573 1149 5645 eupit.
1206 5574 1401 5639 bebmt,secus
1418 5591 1480 5628 reru
1497 5573 1520 5625 si
1541 5573 1570 5625 in
1588 5573 1641 5625 elio
1659 5571 1715 5625 loon
1731 5571 1808 5641 culpe
1827 5567 1963 5624 stebulerii
1978 5571 2018 5621 in·

330 5650 559 5708 consacerdotis
572 5653 812 5726 ulumdepoctul.
830 5655 870 5711 Ex
889 5656 971 5712 situili
991 5675 1094 5732 qunque
1113 5683 1155 5720 rs.
1194 5659 1316 5716 cendium
1337 5667 1440 5725 ortum,
1465 5657 1511 5713 nbi
1535 5674 1588 5712 non
1615 5656 1748 5714 tenebitur
1772 5653 1916 5722 domiuus,
1941 5653 2004 5724 quie
