4400 6226
226 305 279 358 113

640 307 856 369 111111111111118
875 311 1066 379 nettttttts,
1087 312 1183 386 QUAE
1203 315 1320 376 nEBth
1339 335 1401 376 xre.

177 397 247 454 urst
268 397 296 449 in
314 398 402 450 locum
422 397 517 452 ‹lomns
534 402 724 474 oppignoratae
742 425 795 462 non
808 410 923 481 amplius
936 410 993 463 esi·

177 483 270 537 itentis
288 499 353 535 nova
372 483 467 536 dumus
484 484 654 554 aedificetur,
674 511 738 548 nova
757 494 820 548 baec
840 496 933 549 domus
951 497 994 568 pi-

1757 331 1789 381 11

1043 407 1132 479 inquit
1150 413 1278 464 Hortens.
1298 415 1429 472 rationem
1451 413 1589 474 decidendi
1608 437 1717 477 nervose
1737 331 1861 496 10115111-

1045 504 1118 549 turus
1135 497 1171 549 ud
1187 497 1212 550 sl.
1231 499 1248 551 1.
1270 501 1295 554 1.
1315 508 1336 564 §.
1356 504 1381 554 2.
1397 523 1424 572 p.
1443 505 1505 558 211.
1524 505 1595 560 nibil
1618 506 1689 560 atiud
1709 515 1762 574 est,
1781 528 1858 578 quern

126 567 157 622 11
174 569 250 641 puori
267 579 314 621 est·
334 567 414 638 alleg.
432 567 487 622 Nec
507 572 668 642 requiritur,
686 587 715 630 ut
728 579 817 631 eadem
830 579 952 649 qualitate
967 591 992 633 et
1043 597 1098 632 rem
1112 582 1225 634 alienam
1245 583 1350 655 pignori
1369 588 1425 642 dari
1445 607 1497 644 non
1517 607 1607 661 posse,
1625 601 1670 644 sut
1688 609 1718 643 ea
1737 611 1783 664 spe
1799 603 1857 648 ten·

173 651 260 722 specie
278 669 343 704 novn
355 652 448 704 domus
467 651 635 712 reaedificata
646 658 777 716 sitrsicut
791 664 937 717 verisimile
956 677 993 720 est
1045 673 1099 716 tum
1119 685 1212 736 posse,
1230 668 1253 720 si
1272 687 1300 722 ea
1320 687 1362 724 res
1382 671 1513 727 debitoris
1530 669 1617 727 lieret.
1640 675 1724 744 Atque
1749 675 1793 730 bio
1820 689 1857 732 est
1880 687 1933 740 1⁰0

174 736 236 790 Luc.
248 737 350 790 Titium
364 745 510 806 emptorem
530 757 562 792 ex
581 759 628 794 suo
641 744 747 814 iugenio
759 745 911 802 aedificasse
924 751 951 804 iu
966 751 997 804 ot·

174 820 256 874 1211.
275 823 294 876 t
314 821 339 872 2.
358 819 391 872 de
406 822 478 893 pigra.
499 833 551 877 oet.
579 825 658 880 Aliud
684 829 711 880 in
726 830 810 899 legato
828 847 885 884 esse
902 842 991 884 osten·

1045 747 1195 804 intellectus
1213 763 1237 806 ct
1254 753 1355 823 species
1372 753 1397 805 d.
1418 757 1436 808 1.
1455 760 1483 809 1.
1501 767 1521 822 ς.
1541 755 1566 808 2.
1586 753 1637 810 set
1657 756 1819 825 Papinianus
1834 755 1858 808 d.

1044 832 1062 882 1.
1082 834 1106 884 1.
1140 868 1147 883 .
1169 835 1298 890 2.ιι11ιιιο
1319 837 1457 892 interserit
1474 841 1669 908 objectionem
1689 857 1722 894 se.
1743 857 1789 892 our
1802 857 1857 893 nou

121 901 153 954 Ui
170 903 212 956 dis
230 904 291 974 Aeg.
310 906 437 958 Hortens.
456 907 495 961 ud
512 907 530 962 1.
551 909 593 961 18.
611 913 630 967 1.
651 913 676 962 2.
688 914 805 982 depign.
818 913 890 967 Nova
904 915 993 981 itaque
1043 917 1111 968 sieut
1124 929 1245 988 srsuuapts
1265 937 1293 970 re
1313 922 1457 988 principsti
1476 925 1574 988 pignus
1594 932 1696 982 rusuct,
1711 922 1786 972 isoes
1799 939 1861 973 eorr-

69 1019 72 1028 ·
169 988 283 1054 domus,
301 988 409 1053 hortus,
428 990 521 1056 vines,
542 1002 594 1045 etc.
613 997 694 1048 vendi
708 999 992 1068 acreditorepossunt.

168 1073 233 1128 Βιτ-
245 1073 275 1126 t'n
288 1072 418 1143 bsh-ff·
431 1073 465 1128 ds
479 1075 555 1146 pigre.
565 1089 617 1132 σοι.
633 1079 694 1133 Sel).
709 1082 805 1136 Medic
817 1085 852 1136 de
863 1081 991 1150 caestre.

166 1168 237 1230 pere
251 1158 278 1208 2.
291 1175 337 1228 qu.
348 1157 391 1208 10.
406 1175 433 1208 n.
446 1159 509 1210 128.
524 1159 552 1211 Si
566 1173 652 1214 tamen
667 1179 720 1215 uon
733 1163 851 1229 debitor,
866 1165 910 1218 sed
924 1165 991 1217 alius

170 1258 261 1294 aream
276 1240 386 1294 emisset
398 1249 426 1292 et
443 1237 614 1308 aedificasset,
633 1263 764 1316 expensae
778 1256 838 1302 sunt
852 1247 992 1302 refunden-

171 1325 224 1380 vlse
237 1325 289 1378 vid.
303 1325 329 1378 d
341 1325 360 1377 1.
374 1323 430 1379 scr.
451 1339 469 1392 ς,
494 1325 598 1382 dumus.
617 1327 712 1399 Negus.
733 1331 764 1384 de
778 1331 853 1403 pign.
873 1342 945 1404 part.
966 1333 992 1385 3.

170 1411 282 1468 membr.
295 1431 341 1480 prs.
354 1410 382 1466 1.
398 1430 425 1464 n.
440 1413 483 1464 ³9.

119 1507 153 1562 ω
205 1496 333 1549 Notabile
345 1503 384 1547 est
395 1537 402 1560 ,
415 1497 486 1564 quod
506 1495 560 1548 1.1.
592 1509 600 1550 ’.
620 1496 647 1550 2.
670 1495 704 1550 de
712 1499 787 1569 pigu
801 1495 919 1561 dicatum
934 1497 989 1550 irn-

169 1587 227 1632 ctus
248 1579 409 1632 nominatim
433 1578 620 1649 oppigneratos
652 1597 711 1632 curn
743 1579 866 1650 praedio,
892 1581 915 1633 si
934 1599 986 1634 non

170 1665 300 1729 existant,
326 1681 379 1716 uon
407 1681 464 1716 esse
483 1664 686 1716 restituendoss
705 1663 730 1717 b.
746 1663 764 1715 1.
779 1675 908 1734 emptore,
922 1666 988 1734 qnod

172 1750 285 1804 strictim
306 1747 455 1810 declarare,
474 1765 569 1816 operae
589 1749 705 1817 pretium
731 1748 844 1802 ridetur.
860 1748 989 1819 Equidem

174 1851 235 1902 cup.
249 1834 275 1884 5.
288 1835 339 1894 ism
361 1832 466 1903 prolixe
484 1831 516 1884 de
535 1847 566 1883 eo
587 1833 703 1900 egimus,
717 1833 785 1902 quod
804 1833 831 1886 b.
851 1831 868 1885 1.
889 1843 991 1904 posses·

176 1932 220 1969 ser
239 1916 271 1970 sle
283 1915 410 1968 fructibus
428 1933 481 1968 nou
500 1917 676 1969 existentibus
699 1934 751 1968 nou
777 1927 912 1982 teneatur,
930 1920 990 1990 qnia

178 1999 327 2051 dominium
347 2015 439 2050 eorum
461 1997 670 2051 irrevocabiliter
700 2001 855 2069 acquisivit,
881 2001 925 2052 sed
945 2001 992 2055 ista

171 2082 272 2136 decisio
290 2081 339 2133 lsne
352 2099 405 2135 non
420 2083 538 2151 pertinet
550 2082 582 2134 sd
604 2081 704 2135 tructus
724 2085 910 2153 pignoratitios
931 2103 989 2138 eum

172 2186 223 2223 uun
239 2168 274 2219 iis
286 2166 392 2231 modis,
409 2167 506 2236 quibus
520 2166 683 2230 dominium,
697 2169 779 2220 etiam
800 2170 841 2236 jus
866 2169 987 2240 pignoris

173 2250 300 2308 creditori
317 2251 475 2318 perimatur,
498 2250 531 2302 de
551 2268 603 2320 quo
616 2267 688 2303 mox.
708 2251 800 2322 ltaque
811 2253 872 2307 aliis
883 2255 993 2308 rationi·

171 2337 221 2393 bus
241 2339 306 2390 bueo
318 2353 361 2390 res
379 2331 541 2388 conficienda
556 2345 601 2388 est.

117 2429 153 2484 l'!
202 2423 340 2479 Nimirum
360 2419 462 2472 fructus
479 2435 532 2471 nou
551 2419 708 2486 existentes,
724 2421 770 2474 sed
784 2419 884 2489 futuri,
896 2423 988 2477 subin-

168 2509 276 2564 tellecta
295 2503 448 2558 conditione
466 2503 488 2557 si
508 2503 660 2558 extiterint.
682 2507 701 2558 1.
726 2508 770 2560 73.
797 2508 829 2560 de
847 2527 877 2561 v.
896 2529 921 2563 o.
949 2512 989 2580 pi·

166 2593 243 2666 gnori
258 2589 315 2643 dari
330 2599 451 2659 possuut;
470 2605 522 2639 non
541 2588 648 2658 quidem
669 2608 718 2661 pcr
738 2608 779 2653 se,
795 2592 839 2644 sed
853 2610 901 2662 per
915 2610 988 2663 prae-

117 2681 150 2736 08
167 2679 220 2734 dia.
233 2675 269 2727 Et
281 2671 398 2744 praediis
408 2669 591 2742 oppignoratis
610 2672 711 2726 tructus
726 2675 802 2728 tacite
814 2694 916 2746 qnoque
929 2691 990 2732 sunt

116 2771 151 2824 98
169 2762 306 2842 pignoril
321 2761 346 2811 3.
365 2775 388 2811 e·
405 2757 435 2812 in
451 2757 523 2828 quib.
543 2775 617 2812 caus.
633 2763 732 2829 pignus
751 2764 825 2815 tecit.
844 2763 929 2832 atquo
945 2765 992 2817 boc

169 2870 232 2906 essu
246 2848 345 2900 lrnctus
358 2854 454 2898 tantum
475 2842 584 2910 suntin
603 2861 678 2897 eausa
697 2845 818 2914 pignoris
825 2882 834 2909 ,
848 2857 873 2898 et
885 2848 991 2916 pignori

167 2934 312 2994 secedunt,
330 2939 361 2982 ut
377 2928 409 2982 de
431 2927 467 2980 iis
492 2943 539 2996 per
564 2943 593 2981 ss
612 2929 716 2983 actione
741 2931 925 3001 hypothecaria
948 2935 989 3002 agi

169 3035 225 3071 uon
245 3013 343 3086 possitg
362 3009 405 3064 secl
424 3017 526 3062 tanturn
545 3009 575 3060 in
594 3011 700 3064 actione
720 3009 752 3065 ‹le
780 3030 809 3066 re
832 3015 992 3084 principali,

170 3104 192 3156 si
211 3119 242 3156 es
261 3115 305 3154 res
323 3114 376 3152 uon
394 3090 523 3156 sulliciat,
548 3090 640 3146 officio
659 3094 754 3161 judicis
774 3098 950 3151 restituantur
972 3099 990 3151 1.

105 3187 152 3238 100
170 3186 212 3238 18.
232 3183 259 3258 5.
277 3178 351 3250 ⁴·ffi
368 3181 403 3236 de
417 3177 489 3247 pigo.
509 3176 562 3228 Ubi
582 3187 660 3243 uota,
678 3178 782 3247 quando
797 3179 908 3246 dicitur,
922 3181 992 3250 judi·

170 3289 227 3326 σιω
245 3268 280 3322 de
297 3263 433 3318 fructibus
452 3261 665 3316 antecedentibus
683 3279 737 3314 non
757 3261 933 3318 existentibus
949 3281 992 3316 uo·

172 3368 297 3425 gnoscere
315 3367 368 3402 non
386 3363 479 3419 posse,
497 3345 567 3414 quod
586 3343 685 3398 iruotus
713 3363 768 3400 non
791 3363 915 3417 expresse
934 3366 992 3402 cum

172 3455 203 3492 re
219 3436 425 3508 oppignorstus,
446 3441 502 3482 tuns
520 3429 581 3499 ipse
605 3429 711 3483 debitor
737 3429 805 3484 bons
829 3427 881 3483 fide
900 3449 993 3487 oonsu-

168 3538 243 3576 mere
265 3521 356 3592 possit.
375 3515 427 3569 vid.
447 3515 465 3568 1.
484 3515 508 3565 2.
528 3525 553 3567 es
572 3513 597 3566 3.
621 3531 644 3566 e.
671 3513 705 3566 de
727 3530 801 3567 seru.
824 3517 899 3586 pige.
926 3517 991 3572 dato

167 3621 299 3669 monum,
319 3611 378 3654 turn
397 3596 584 3666 multomagis
614 3597 683 3649 alius
706 3617 721 3650 a
745 3597 866 3651 debitore
890 3617 993 3654 sarisam

167 3687 289 3750 babens,
303 3703 363 3739 cum
382 3683 447 3734 binc
466 3699 499 3734 ne
511 3699 555 3734 eos
567 3679 672 3751 quidem
694 3681 810 3735 restituet
828 3680 927 3736 fructus
940 3703 992 3738 non

167 3779 332 3833 existentes,
350 3769 396 3838 qui
416 3766 574 3821 nominatim
594 3775 656 3818 scrut
672 3767 842 3835 oppignorati
861 3768 885 3822 sl.
899 3771 917 3820 l.
933 3773 957 3822 1.
969 3769 993 3843 5.

108 3867 153 3918 tot
169 3861 195 3914 2.
207 3860 241 3912 de
261 3855 336 3928 pigra.
355 3853 389 3908 rle
405 3869 457 3921 quo
476 3851 572 3906 statim.
592 3850 623 3904 Si
643 3868 702 3904 vero
720 3849 821 3906 tructus
832 3855 992 3908 nominatim

168 3961 226 4000 eum
245 3941 335 3994 tonde
352 3936 459 4010 pignori
477 3935 534 3988 clati
552 3936 623 4000 sint,
642 3953 690 4004 per
707 3953 735 3988 ss
751 3937 807 4006 peti
826 3949 951 4008 possunt,
964 3951 990 3994 et

171 4037 229 4082 sunt
240 4041 299 4078 non
313 4031 415 4075 tanturn
429 4021 458 4072 in
471 4016 561 4072 officio
573 4019 684 4087 judicis,
698 4019 743 4074 sed
759 4021 839 4073 etiam
851 4023 879 4074 in
890 4026 993 4078 actione

111 4117 155 4168 102
171 4121 193 4164 et
204 4108 346 4179 petitione.
361 4105 418 4173 Qus
436 4103 554 4166 ratione,
573 4103 596 4155 si
617 4119 660 4154 res
678 4103 782 4172 pignori
797 4105 856 4158 dats
872 4124 923 4160 non
936 4112 992 4161 exi-

172 4204 236 4254 stat,
256 4209 281 4243 v.
303 4205 329 4258 g.
347 4187 370 4239 si
390 4187 485 4239 ancilla
504 4195 607 4239 mortus
625 4185 677 4250 sit,
695 4188 752 4254 ejus
770 4198 861 4257 partus
880 4201 938 4260 post
953 4194 994 4263 pi.

173 4277 359 4346 gnorstiouem
377 4279 469 4332 ustus,
488 4271 512 4322 si
531 4269 567 4322 sit
585 4270 613 4322 iu
631 4285 706 4324 eausa
733 4281 833 4326 tuntum
860 4277 993 4344 pignoris,

172 4362 226 4431 peti
243 4375 301 4412 non
319 4362 420 4428 potest:
437 4355 497 4426 quis
517 4353 616 4406 sublato
635 4355 777 4424 principali
800 4358 901 4410 tollitur
914 4367 993 4412 etse·

175 4447 272 4499 cessio:
295 4444 397 4496 sivero
416 4441 574 4494 nominatim
599 4439 681 4491 etism
706 4448 799 4508 partus
825 4441 930 4510 pignori
950 4443 995 4497 ds.

179 4540 234 4591 tus,
251 4532 312 4594 inre
329 4527 451 4597 pignoris
470 4535 528 4586 est,
555 4535 581 4577 et
611 4540 664 4576 non
695 4524 784 4576 minus
813 4525 870 4592 peti
890 4537 993 4595 potest,

176 4627 252 4679 quam
271 4609 367 4663 ancilla
385 4608 486 4680 potuit,
507 4623 566 4676 urg.
592 4605 610 4659 1.
636 4605 680 4657 211.
704 4601 781 4675 5.1.
796 4603 838 4674 ff
862 4608 897 4660 de
912 4611 991 4678 ps'gn.

178 4693 249 4746 Paul.
267 4693 319 4760 tie,
335 4693 360 4745 b.
376 4701 445 4746 sent.
464 4691 489 4742 2.
507 4691 547 4743 lrs
569 4691 630 4758 teg.
656 4691 781 4742 Horteus.
808 4705 903 4744 comen.
923 4694 962 4746 ud
976 4695 994 4747 l.

180 4781 204 4830 1.
223 4785 241 4840 ς.
261 4779 289 4830 2.
308 4777 340 4830 de
356 4776 429 4848 pigo·
446 4793 507 4845 pag.
527 4772 595 4826 mibi
611 4774 676 4826 207.
695 4774 758 4824 208.

117 4873 162 4928 103
212 4863 242 4916 Si
263 4863 354 4931 itaque
370 4860 475 4914 debitor
493 4858 602 4910 fundum
628 4867 655 4910 et
677 4857 778 4912 fructus
802 4857 918 4913 nondum
936 4861 994 4913 exi-

177 4957 274 5000 stentes
289 4943 477 5015 oppignoravit
494 4941 672 5006 nominatim,
691 4953 717 4995 et
735 4943 827 4996 stutins
837 4983 844 5009 ,
856 4955 994 5016 antequam

177 5029 275 5084 fruetus
290 5028 422 5098 percepit,
441 5024 552 5078 fundum
571 5025 704 5090 vendidit,
723 5025 890 5082 dissimulato
903 5031 996 5100 pigno·

179 5133 220 5177 re,
234 5127 262 5171 et
273 5123 395 5185 emptor,
407 5111 529 5167 nesciens
548 5111 647 5164 tructus
660 5113 848 5182 oppigneratos
862 5131 938 5181 esso,
953 5133 996 5170 eos

180 5199 246 5252 bons
258 5199 314 5254 lide
325 5197 499 5268 consumpsit,
508 5195 619 5261 videtur,
630 5197 698 5266 quod
711 5197 866 5252 creditorsb
877 5209 995 5270 emptore

178 5285 262 5354 possit
282 5282 383 5336 t'ruetus
401 5291 501 5351 petere,
521 5280 583 5334 lieet
607 5281 756 5351 consumpti
776 5281 847 5346 sint,
865 5283 927 5352 qnia
944 5285 995 5336 ssl-

179 5381 232 5422 tem
252 5368 334 5421 bodie
352 5368 463 5436 petitur,
482 5365 551 5434 quod
569 5366 622 5433 jusu
640 5365 705 5416 olim
725 5363 775 5434 peti
795 5367 899 5418 sctione
912 5383 958 5435 per
970 5385 998 5420 se

119 5477 165 5528 104
181 5463 298 5522 poterat:
312 5451 358 5504 sed
373 5449 399 5501 d.
411 5451 429 5502 l.
444 5451 468 5500 1.
482 5446 506 5520 5.
521 5449 546 5501 2.
564 5445 673 5514 decidit,
685 5447 755 5517 quod
769 5448 795 5500 b.
809 5448 826 5501 1.
839 5459 955 5519 emptor,
968 5457 998 5502 ut

183 5534 396 5589 aestimationem
415 5531 549 5586 iructuusu
575 5547 628 5584 non
661 5533 831 5586 existentium
859 5535 995 5596 restituat,

182 5621 238 5690 cogi
257 5637 312 5674 uon
330 5617 429 5688 possit,
452 5615 514 5688 quis
531 5613 577 5668 isti
596 5613 696 5668 fructus
721 5635 853 5687 nunquam
871 5617 997 5672 debitoris

122 5713 168 5768 tus
185 5701 303 5768 inmune,
321 5703 436 5770 adeoque
449 5716 498 5752 nec
516 5698 622 5772 pignori
635 5716 692 5754 esse
707 5711 857 5774 potueruut.
870 5701 901 5757 ld
922 5719 997 5770 vero,

307 5783 408 5858 Sssykii
429 5784 489 5841 Vos
512 5784 545 5840 V.

1045 1000 1158 1066 sumptis
1180 999 1310 1055 fructibus
1330 1003 1424 1074 pignus
1454 1003 1484 1054 in
1514 1001 1558 1052 bis
1588 1011 1707 1068 maneat,
1728 1001 1806 1056 utcle
1825 1003 1860 1056 iis

1042 1077 1225 1148 hypothecaria
1235 1086 1276 1153 agi
1298 1085 1396 1154 possit,
1415 1101 1473 1137 cum
1495 1085 1565 1136 idem
1580 1085 1610 1136 in
1625 1084 1754 1138 fructibus
1777 1085 1859 1139 valent

1042 1167 1226 1236 consumptio,
1240 1169 1309 1240 quod
1326 1169 1355 1221 iu
1368 1169 1447 1222 rebus
1460 1167 1655 1240 principalibus
1668 1167 1794 1236 usucapio
1808 1165 1860 1220 vid.

1041 1245 1059 1297 1.
1072 1245 1115 1296 18.
1131 1267 1172 1319 pr.
1188 1252 1221 1303 de
1241 1273 1270 1304 a.
1291 1269 1314 1304 r.
1333 1253 1357 1304 d.
1377 1254 1393 1303 1.
1415 1253 1458 1304 18.
1481 1254 1544 1311 sib,
1562 1250 1673 1320 desurt.
1687 1252 1704 1302 1.
1716 1249 1740 1301 t.
1752 1258 1772 1310 ς.
1785 1250 1860 1303 iuna.

1044 1330 1134 1400 19·ff·
1147 1333 1266 1403 deflare.
1286 1337 1340 1389 vid.
1360 1352 1435 1406 supr.
1455 1355 1478 1388 c.
1499 1337 1523 1388 b.
1542 1353 1570 1388 ιι.
1589 1335 1631 1388 13.
1645 1333 1684 1386 ttd
1697 1351 1774 1404 quum
1788 1333 1861 1402 objc-

1043 1415 1154 1467 ctionem
1173 1435 1230 1470 cum
1251 1418 1391 1489 respondet
1411 1419 1574 1489 Papinianus
1592 1415 1618 1469 d.
1629 1419 1647 1469 1.
1660 1418 1710 1471 hoo
1723 1415 1775 1469 sibi
1787 1419 1860 1470 vult:

1041 1497 1063 1548 si
1084 1497 1190 1551 debitor
1208 1511 1268 1554 ante
1286 1503 1413 1554 amissum
1440 1501 1506 1571 (per
1532 1498 1717 1570 usucapionem
1733 1500 1776 1550 'vel
1794 1515 1859 1552 con·

1041 1583 1243 1655 sumptionem)
1262 1585 1412 1638 dominium
1432 1585 1486 1650 rei,
1504 1603 1553 1656 qus
1572 1585 1605 1636 de
1623 1583 1726 1654 agitur,
1743 1597 1799 1635 rem
1819 1581 1860 1654 pi·

1042 1666 1117 1734 guori
1138 1666 1228 1734 dedit,
1249 1669 1298 1722 boe
1318 1671 1413 1740 pignus
1431 1670 1536 1740 quidem
1558 1665 1753 1740 supervenienti
1771 1677 1860 1736 postea

1041 1749 1201 1818 usucapione
1232 1753 1271 1805 vel
1302 1755 1505 1824 consumptione
1536 1768 1588 1804 non
1616 1749 1731 1820 perimi,
1750 1749 1795 1802 sed
1815 1751 1862 1802 boc

1041 1849 1100 1884 essu
1125 1831 1227 1886 scriotus
1258 1853 1392 1904 uunquam
1423 1836 1528 1908 pignori
1559 1853 1614 1888 esse
1644 1834 1775 1902 coepisse,
1799 1835 1860 1903 quio

1041 1933 1173 1984 uunquam
1193 1917 1321 1973 debitoris
1341 1919 1463 1984 fuerumt,
1492 1930 1519 1972 ut
1541 1936 1585 1970 eos
1609 1915 1716 1988 pignori
1734 1915 1797 1968 dure
1814 1935 1859 1986 po-

1041 2002 1144 2054 tuisset.
1166 2003 1337 2072 (Existuntes
1357 2005 1405 2058 boc
1422 2021 1482 2058 casu
1502 2021 1557 2055 non
1571 2003 1676 2074 quidem
1691 2016 1737 2072 per
1748 2016 1785 2066 se,
1798 1999 1858 2069 quia
1879 2007 1932 2058 107

1042 2103 1090 2137 nen
1109 2085 1149 2137 illi
1171 2085 1278 2140 luerunt
1296 2087 1443 2154 debitoris,
1464 2087 1508 2140 secl
1527 2105 1579 2140 une
1598 2105 1658 2140 cum
1673 2104 1701 2140 re
1714 2082 1856 2156 principali
1879 2092 1931 2143 108

1041 2169 1122 2240 repeti
1142 2188 1218 2239 posse
1237 2171 1308 2224 idem
1328 2173 1452 2226 Hortens.
1473 2171 1633 2226 demonstret
1645 2171 1670 2223 rl.
1681 2172 1700 2224 l.
1711 2189 1766 2244 pag.
1778 2168 1859 2240 211.)

1078 2254 1264 2325 Privilegium
1294 2256 1402 2326 corpori
1434 2272 1479 2308 seu
1508 2255 1675 2310 universitati
1707 2269 1858 2307 concessum
1882 2252 1932 2304 tut

1042 2337 1111 2388 reale
1130 2348 1168 2389 est
1184 2355 1242 2407 cup.
1259 2354 1324 2406 pen·
1342 2341 1376 2391 X.
1401 2338 1434 2392 de
1458 2340 1518 2391 inst.
1545 2337 1599 2392 vid.
1622 2337 1745 2390 Menocb.
1769 2335 1815 2389 tit.
1835 2335 1860 2385 3.

1040 2420 1073 2471 de
1088 2433 1250 2492 praesumpte.
1271 2423 1331 2473 103.
1349 2440 1376 2474 ιι.
1397 2419 1440 2474 21.
1457 2432 1484 2474 et
1501 2421 1540 2474 ibi
1556 2421 1610 2474 citt.
1625 2421 1672 2488 pli.
1691 2417 1734 2473 dd.
1757 2429 1782 2473 et
1800 2435 1860 2489 per-

1042 2513 1117 2572 petua
1136 2521 1193 2557 esse
1206 2517 1407 2574 praesumuntur
1425 2507 1442 2559 1.
1463 2508 1506 2557 10.
1525 2523 1550 2558 c.
1569 2507 1601 2558 dc
1621 2504 1740 2573 vectigal.
1754 2515 1780 2558 et
1792 2522 1863 2556 com·

1042 2591 1112 2637 ιιιιζιι.
1135 2589 1279 2642 Brunnem.
1299 2590 1337 2642 ad
1353 2589 1378 2643 d.
1398 2591 1415 2642 1.
1436 2589 1560 2642 Enenkcl.
1580 2591 1613 2642 de
1628 2587 1757 2660 privileg.
1777 2588 1824 2640 lib.
1835 2589 1863 2640 7.

1042 2691 1099 2742 cop.
1113 2673 1136 2725 b.
1150 2690 1177 2725 n.
1190 2673 1233 2725 71.
1245 2682 1271 2727 et
1283 2673 1326 2725 lib.
1342 2691 1364 2725 c.
1378 2674 1404 2727 8.
1417 2693 1445 2726 ιι.
1458 2673 1500 2726 13.
1509 2673 1625 2726 Mortuis
1639 2683 1726 2725 tamen
1738 2673 1863 2726 omnibus

1042 2756 1074 2808 de
1092 2757 1217 2826 collegio,
1237 2757 1385 2826 collegium,
1410 2767 1514 2810 etcum
1534 2774 1564 2810 eo
1582 2759 1639 2824 jura
1657 2755 1760 2826 collegii
1774 2758 1862 2810 extin-

1042 2853 1166 2911 guuntur.
1185 2843 1364 2897 Panormitae.
1384 2844 1413 2896 in
1431 2861 1453 2896 c·
1472 2843 1631 2897 recolentes.
1655 2842 1681 2893 3.
1700 2842 1736 2894 Χ.
1753 2842 1862 2894 clectus.

1045 2927 1169 2979 munocb.
1186 2927 1261 2997 conf
1279 2928 1297 2978 1.
1314 2925 1339 2979 ei
1356 2927 1459 2996 rmusfm
1477 2925 1522 2980 21.
1530 2923 1572 2994 ff.
1591 2925 1662 2997 quib.
1683 2925 1755 2978 mod·
1774 2941 1863 2978 usur.

1042 3028 1097 3062 um.
1117 3011 1207 3080 Quoad
1227 3012 1294 3064 boue
1314 3011 1457 3064 notandum
1478 3019 1532 3076 est,
1551 3010 1574 3064 si
1594 3008 1734 3078 collegium
1748 3009 1863 3064 existere
1884 3032 1935 3082 tto

1042 3093 1145 3148 desinat
1159 3096 1241 3165 (quod
1258 3115 1282 3149 v.
1301 3113 1324 3166 g.
1345 3095 1473 3149 mandatis
1486 3094 1621 3165 principis
1634 3094 1793 3146 dissolutum
1808 3095 1863 3166 sit)

1045 3181 1212 3250 permittitur
1224 3181 1332 3250 collegis
1345 3181 1468 3252 pecunias
1480 3197 1633 3234 communes
1646 3179 1716 3233 iuter
1727 3195 1755 3232 se
1765 3179 1863 3249 partiri

1043 3268 1182 3340 teolegio
1197 3271 1221 3322 3.
1230 3267 1320 3340 pnff.
1329 3267 1362 3322 cle
1374 3269 1468 3340 colleg.
1481 3276 1507 3320 et
1517 3283 1588 3332 corp.
1597 3263 1740 3318 brunnen.
1755 3263 1794 3317 ud
1805 3263 1828 3315 d.
1844 3265 1862 3314 t.

1044 3361 1069 3404 et
1080 3353 1121 3404 iti
1136 3353 1178 3405 cit.
1197 3354 1331 3408 Furinae.
1350 3363 1376 3407 et
1394 3355 1502 3406 Menos.
1522 3350 1574 3404 Sed
1587 3351 1635 3402 boe
1646 3347 1862 3418 intelligendum,

1044 3437 1067 3488 si
1079 3439 1216 3506 collegium
1235 3437 1274 3492 vel
1294 3436 1452 3490 universitas
1469 3435 1537 3487 bons
1556 3433 1707 3486 communis
1721 3431 1794 3502 qussi
1806 3433 1865 3498 inre

1045 3521 1177 3573 societatis
1190 3523 1229 3573 vel
1243 3521 1438 3573 communionis
1457 3528 1568 3588 propter
1585 3535 1613 3572 se
1633 3517 1707 3588 ipsos
1727 3515 1861 3588 principa·

1045 3606 1105 3658 liter
1123 3603 1196 3659 etad
1215 3605 1377 3674 singulorum
1393 3597 1542 3674 'proprium
1563 3618 1592 3654 se
1610 3610 1710 3655 certum
1729 3615 1821 3663 usum,
1842 3615 1865 3650 v.

1045 3709 1069 3760 g.
1087 3690 1237 3743 eommunis
1257 3699 1331 3761 prata
1352 3697 1378 3742 et
1396 3703 1488 3758 agros,
1511 3685 1557 3756 qui
1577 3703 1625 3756 pro
1645 3682 1759 3737 indiviso
1776 3683 1864 3754 possi·

1043 3775 1154 3837 dentur,
1173 3773 1273 3825 habeat.
1294 3773 1369 3825 Telis
1388 3773 1463 3824 euim
1481 3768 1581 3838 iudicio
1593 3767 1727 3818 eomrmmi
1741 3767 1863 3820 dividun-
1884 3781 1935 3830 111

1045 3859 1078 3910 do
1097 3857 1213 3928 separari
1237 3868 1358 3928 possunt,
1389 3856 1451 3926 quis
1482 3871 1515 3907 ex
1546 3853 1685 3905 collatione
1703 3852 1862 3922 privatorum

1045 3942 1223 3994 membrorum
1243 3941 1309 3992 facts
1328 3951 1389 3992 sunt
1406 3938 1566 3991 communis.
1594 3935 1653 3990 Alis
1680 3944 1781 3998 sutem,
1798 3951 1866 4006 quse

1044 4025 1150 4094 collegia
1170 4041 1222 4075 non
1242 4023 1338 4074 hubent
1360 4032 1470 4092 propter
1489 4037 1532 4082 se,
1552 4027 1597 4070 sut
1614 4035 1680 4087 quae
1693 4017 1790 4070 babent
1803 4036 1865 4088 pru·

1044 4119 1104 4180 pter
1122 4105 1241 4160 officium
1261 4115 1289 4160 et
1306 4107 1424 4160 laborem
1440 4144 1447 4170 ,
1480 4121 1558 4174 quem
1588 4119 1639 4172 pro
1657 4101 1759 4153 civibus
1779 4101 1863 4154 susti-

1046 4203 1121 4258 nent,
1142 4203 1186 4244 sut
1204 4195 1229 4244 si
1249 4195 1299 4244 ists
1319 4193 1385 4244 bons
1407 4199 1538 4258 tamquam
1558 4202 1600 4238 res
1621 4201 1706 4238 sacrae
1719 4187 1749 4237 in
1763 4186 1862 4237 uirilius

1045 4277 1122 4329 bonis
1141 4277 1208 4339 sint,
1234 4277 1280 4327 illa
1300 4276 1331 4327 sd
1351 4273 1448 4326 liscum
1468 4272 1523 4324 sive
1543 4269 1684 4323 secularem
1704 4268 1759 4322 sive
1778 4271 1864 4322 eecle-

1046 4361 1180 4414 siasticnm
1199 4371 1327 4426 tamquam
1347 4357 1440 4410 oarlucn
1461 4355 1607 4426 pertinent.
1626 4353 1657 4405 si
1677 4371 1700 4405 v.
1718 4369 1742 4422 g.
1761 4353 1863 4416 civitas,

1045 4443 1192 4502 academia,
1211 4441 1319 4493 ecclesis
1334 4441 1458 4493 dissolute
1477 4439 1549 4499 sint,
1567 4448 1598 4491 ut
1616 4453 1669 4489 non
1682 4435 1799 4488 existant
1810 4433 1864 4489 vicl.

1047 4529 1065 4578 1.
1084 4529 1109 4579 7.
1127 4523 1287 4597 5.1.ᾳιιοι1
1304 4525 1431 4598 cujusque
1450 4525 1573 4577 univers.
1592 4531 1620 4574 et
1637 4519 1698 4574 Bus.
1716 4521 1752 4572 orl
1763 4521 1790 4573 d.
1803 4519 1821 4571 1.
1836 4537 1865 4572 ιι.

1046 4609 1134 4661 tubi
1153 4607 1202 4660 boe
1220 4609 1248 4659 in
1267 4608 1430 4671 Germania,
1461 4607 1546 4658 nuos·
1577 4615 1602 4660 et
1630 4602 1723 4671 Belgio
1743 4601 1865 4655 obtinere

1048 4691 1135 4744 tradit.
1153 4689 1222 4742 conl.
1242 4689 1442 4743 Bruunemsnn.
1459 4689 1497 4743 ud
1513 4691 1539 4743 d.
1558 4693 1575 4743 1.
1595 4705 1622 4741 ιι.
1635 4689 1662 4740 7.
1681 4699 1707 4741 et
1725 4689 1762 4741 od
1778 4687 1796 4738 1.
1808 4687 1866 4738 eol·

938 4785 941 4792 ⁴
1047 4776 1128 4848 legis.
1141 4775 1166 4827 3.
1175 4771 1216 4842 ff
1233 4775 1266 4827 de
1283 4775 1378 4846 colleg.
1395 4785 1423 4828 et
1436 4789 1511 4844 corp.
1530 4791 1558 4826 n.
1578 4775 1603 4824 1.
1623 4784 1646 4828 et
1657 4771 1782 4842 Csrpzov·
1793 4777 1865 4841 part.

1049 4861 1075 4912 2.
1093 4870 1178 4913 const.
1198 4860 1223 4912 3.
1242 4859 1297 4929 def.
1317 4860 1359 4912 17.

1085 4945 1139 4997 Jus
1150 4947 1295 4997 res'sacruc
1312 4941 1476 5012 extinguitur
1494 4959 1526 4995 re
1542 4959 1595 4994 non
1615 4941 1752 4995 esistente.
1770 4935 1816 4990 Sic
1839 4935 1864 4989 si
1884 4958 1938 5010 112

1049 5029 1117 5080 calix
1136 5029 1173 5082 its
1193 5027 1315 5081 ellrsctus
1333 5027 1513 5093 est‚utuibil
1531 5025 1673 5078 cslicitstis
1692 5021 1809 5091 amplius
1821 5019 1867 5074 bs·

1048 5111 1124 5175 beat,
1145 5111 1247 5163 desinit
1271 5125 1329 5163 esse
1358 5126 1429 5162 sacer
1457 5122 1482 5165 et
1508 5111 1565 5178 jura
1585 5107 1625 5161 rei
1646 5123 1734 5159 sacrae
1756 5105 1867 5158 emittit.

1050 5195 1143 5248 Glosss
1162 5195 1190 5247 iu
1205 5196 1281 5249 autb.
1304 5203 1457 5263 praetereo.
1476 5195 1506 5246 c.
1525 5189 1785 5245 sescentorum
1804 5206 1867 5243 vero

1049 5280 1120 5332 loeus
1138 5280 1242 5332 amittit
1259 5281 1301 5346 ins
1318 5277 1358 5330 rei
1378 5293 1480 5344 suosne,
1499 5277 1523 5328 si
1541 5275 1617 5328 sedes
1636 5290 1723 5328 sacrae
1742 5290 1795 5326 nou
1809 5278 1865 5327 exi-

1050 5372 1133 5416 sunt:
1153 5363 1176 5414 si
1195 5380 1216 5414 v.
1233 5378 1272 5431 gr.
1285 5369 1370 5414 terrae
1388 5371 1462 5412 motu
1481 5360 1581 5414 dirutae
1598 5359 1616 5412 1.
1631 5359 1706 5414 nesle.
1730 5359 1776 5412 73.
1777 5357 1820 5426 ff.
1834 5359 1867 5412 ds

1050 5457 1135 5500 contr.
1148 5457 1225 5511 empt.
1236 5453 1258 5509 ς.
1271 5461 1375 5500 suetae.
1390 5447 1415 5496 8.
1431 5445 1513 5498 instit.
1526 5445 1558 5497 de
1568 5461 1590 5499 r.
1602 5445 1627 5499 d.
1646 5443 1722 5498 Facit
1740 5443 1804 5498 illud
1818 5445 1866 5498 Se·

1048 5547 1110 5586 nec:
1134 5529 1265 5585 consulut.
1290 5527 1328 5582 ud
1350 5527 1484 5583 Heluium.
1508 5546 1531 5582 e.
1557 5530 1599 5582 13.
1613 5527 1672 5598 fin.
1702 5527 1733 5580 Si
1750 5543 1867 5598 neugma

1048 5616 1094 5670 uir
1105 5614 1211 5678 cecidit,
1226 5631 1338 5682 magnus
1343 5611 1442 5686 jacuit.
1457 5615 1519 5667 Non
1532 5613 1619 5683 mugio
1627 5613 1704 5668 illum
1717 5613 1864 5678 contemni,

1059 5718 1138 5773 quam
1151 5715 1211 5754 eum
1224 5695 1331 5754 sedium
1342 5713 1486 5754 sacrorum
1508 5697 1607 5751 ruinae
1628 5698 1781 5753 mlsomm:
1799 5709 1868 5771 quos

1547 5781 1566 5834 8
