4400 6226
371 271 406 330 aa
485 286 493 304 ·
934 260 1165 326 assuuntur.
1185 263 1355 323 ceuceu.
1673 313 1676 318 .
1918 271 1953 327 aa
2045 230 2054 244 ’

316 369 445 442 Delegoti
467 365 565 424 deletu
588 383 646 428 etse
665 367 751 442 periti
760 381 904 425 ωιιιανιιιιι
917 365 1132 424 nudandarum.

352 473 379 508 n.
392 455 437 508 lb.

316 543 415 596 Potest
425 547 452 593 et
464 537 605 608 imperitus
614 538 756 608 delegatus
764 553 830 594 esse.
841 555 867 590 ιι.
881 535 924 591 tc:

319 622 478 694 Quaeritur,
488 623 517 674 st'
525 621 661 692 delegatus
673 621 864 692 datussuerit,
876 621 999 694 quijem
1013 620 1133 691 probibi-

352 717 396 762 tus
407 707 553 772 invenitur,
565 707 631 774 quit
641 705 734 777 p'uris?
744 703 773 760 n.
785 705 829 759 17.

314 790 504 859 Distinguitur
515 799 606 842 utrum
618 789 840 860 impedimentum
854 789 970 859 delegati
975 790 1067 860 fiterit
1084 808 1134 844 nc-

351 873 469 942 toriuns,
487 893 529 929 an
550 873 701 940 occultum,
724 891 764 929 en
792 875 935 943 naturale,
965 895 1005 931 on
1031 877 1136 932 ciuile?

353 977 383 1012 ιι.
396 956 439 1012 ts.

319 1044 423 1112 Quibus
436 1042 524 1096 modis
534 1042 717 1097 mutuantur
723 1041 882 1112 delegatos?
893 1061 922 1096 n.
937 1043 979 1101 tt.

318 1128 469 1196 Delegotus
481 1125 516 1180 de
525 1125 695 1196 delegatione
695 1124 788 1196 fidem
799 1124 983 1194 deletsecere.
997 1149 1026 1182 ιι.
1038 1129 1081 1182 tc.

317 1211 369 1262 An
378 1207 565 1278 praesumitur
573 1224 624 1276 pro
632 1207 834 1279 jurisdictione,
845 1209 872 1261 si
883 1227 941 1264 non
964 1213 1090 1266 ιιιὴίὀιϊιὶι
1108 1213 1140 1266 li-

349 1291 418 1346 teris
430 1310 449 1345 a
460 1291 584 1361 delegato
597 1293 633 1343 eit
642 1293 776 1346 sententio
788 1291 869 1346 lota?
879 1311 906 1346 n.
920 1295 964 1348 61.

323 1372 407 1442 Quod
419 1377 446 1428 si
455 1385 521 1428 ante
533 1375 591 1426 litis
602 1375 832 1430 commeationem
845 1383 1008 1447 comparuit.
1021 1399 1046 1435 n.
1057 1382 1101 1436 tt.

320 1459 474 1528 Delegottts
492 1467 579 1526 potest
599 1470 704 1526 partem
728 1459 843 1514 citatam
854 1463 880 1514 si
893 1481 995 1534 perere
1012 1468 1143 1534 noluerit,

356 1556 456 1608 cogere
468 1541 506 1594 ad
518 1540 707 1594 obediendum.
720 1559 747 1594 n.
760 1543 805 1597 66.

325 1626 496 1694 (luosotnto
508 1627 856 1698 constituaturdeleqotus?
866 1649 894 1685 n·
908 1631 951 1686 51.

322 1707 458 1764 Formam
469 1728 488 1763 a
497 1710 624 1776 principe
640 1711 839 1779 praescriptam
858 1715 1023 1768 adamussim
1038 1727 1147 1772 tenetur

358 1793 504 1846 obseruare.
517 1811 545 1844 n.
559 1791 603 1844 tlt.

322 1873 607 1944 Delegattjusisdietu
619 1883 660 1928 cst
670 1879 848 1951 strictijurt’s.
858 1900 888 1934 n.
902 1883 946 1935 66.

323 1959 509 2032 Eccepts'ones
538 1967 632 2012 tomen
666 1963 848 2016 rationabiles
881 1965 1023 2020 admittere
1055 1969 1144 2022 debet.

357 2061 385 2096 n.
400 2044 444 2096 tlt.

322 2129 457 2200 Princeps
466 2145 524 2183 non
538 2127 723 2200 praesumitur
731 2129 920 2204 prnq'udicore
930 2131 1003 2185 oslle
1011 2131 1145 2203 partibus.

358 2233 386 2268 n.
399 2214 443 2268 68.

241 2333 244 2346 .
326 2297 401 2368 Quid
409 2295 435 2350 si
442 2296 566 2368 prismeps
568 2296 699 2367 siermant
711 2297 881 2364 praescribat
900 2305 1069 2356 contractam
1084 2303 1148 2377 juri

357 2381 506 2446 communi,
519 2379 681 2453 pulejum?
694 2399 720 2435 rt.
733 2381 776 2434 tc

328 2466 496 2538 Quandoque
507 2469 539 2520 in
551 2465 638 2520 causis
644 2465 768 2535 justitiae
777 2467 931 2534 peculiaris
944 2473 1088 2528 instructio
1100 2471 1147 2526 de·

359 2549 456 2620 legatis
466 2567 524 2608 non
534 2549 603 2604 solet
616 2550 686 2604 dari·
697 2569 726 2604 n.
736 2551 780 2616 60.

341 2635 424 2703 Quod
434 2650 509 2690 secus
519 2633 549 2688 in
557 2637 647 2690 coust's
655 2645 751 2690 uatus·
764 2655 794 2692 n.
804 2637 852 2693 61.

326 2717 488 2855 Almuppdo
515 2727 541 2774 et
564 2719 649 2791 plena
677 2721 801 2791 potentia
830 2725 953 2796 delegato
981 2727 1149 2788 concedetur.

362 2820 392 2854 ll·

329 2888 469 2960 Exemplo
480 2905 509 2940 ιι.
518 2887 562 2941 63.
574 2899 602 2942 et
613 2905 683 2960 seqq.

295 2981 303 2998 ‘
329 2976 481 3042 Quaeritur
490 2991 556 3028 num
568 2976 626 3044 puis
636 2977 725 3041 possit
744 2976 870 3048 compelli
891 2981 930 3036 od
951 2982 1149 3056 suscipiendam

362 3055 582 3125 delegationem?
592 3075 620 3109 ιι.
633 3057 678 3110 66.

327 3140 462 3197 Rationes
471 3159 522 3213 pro
534 3141 666 3210 negotion-
680 3162 708 3198 n·
720 3143 763 3198 67.

328 3227 389 3280 Pro
401 3224 578 3297 affirmativa.
592 3243 618 3277 n.
631 3225 676 3280 68.

327 3308 419 3363 ctat.
432 3326 460 3362 n·
473 3307 518 3362 ct.
531 3317 560 3362 et
569 3324 638 3379 sopp.

297 3485 312 3532 1
332 3429 478 3546 Cognitis
495 3477 719 3544 generalioribus,
737 3489 765 3532 ct
781 3497 848 3550 quse
864 3483 896 3536 sd
915 3487 1091 3542 evolutionem
1103 3509 1150 3544 uo.

258 3569 262 3578 '
333 3561 415 3612 minis
433 3569 460 3612 ct
477 3559 517 3614 rei
535 3571 654 3630 spectare
673 3562 843 3632 videbantur,
862 3567 912 3621 hoe
926 3571 1010 3640 capite
1017 3589 1151 3640 personas,

296 3659 398 3714 pquse
413 3641 577 3696 consument
595 3643 751 3714 delegatum,
771 3657 798 3700 st
815 3664 880 3717 quae
891 3651 1088 3719 constituentur,
1106 3676 1151 3729 ps·

295 3733 314 3784 3
332 3728 450 3796 riterquc
467 3725 574 3778 modum
594 3727 751 3782 aldomnus
769 3732 950 3787 constituendi
974 3739 1153 3796 considerabo.

336 3813 466 3866 Personas
482 3811 674 3866 constituentes
694 3815 766 3884 quod
784 3817 898 3886 attinet,
911 3821 1000 3891 primo
1013 3827 1069 3879 loco
1081 3843 1107 3878 se
1119 3829 1155 3881 si·

336 3894 386 3950 stit
399 3893 552 3965 imperator,
570 3895 617 3964 qui
636 3903 768 3964 tamqnam
786 3909 868 3970 ceput
891 3901 1002 3972 imperii
1030 3906 1156 3964 omnibus

338 3991 449 4052 praeest.
466 3979 520 4033 Du.
537 3977 664 4048 Gouring.
681 3981 711 4033 in
723 3979 820 4048 disput.
834 3983 868 4039 de
886 3987 978 4057 imper.
997 4005 1068 4042 rom.
1089 3991 1154 4058 Ger·

340 4082 414 4120 mon.
426 4064 464 4118 tls.
476 4064 520 4118 tu.
533 4065 629 4128 buton.
649 4063 736 4118 Coles.
748 4064 843 4137 dejur.
857 4065 921 4138 imp.
936 4070 1065 4126 German.
1090 4085 1156 4130 seat,

339 4151 367 4202 2.
387 4149 448 4215 llic,
465 4165 526 4201 oum
543 4147 667 4202 omnibus
686 4147 773 4200 censis
790 4159 899 4220 propter
910 4155 1095 4226 occupationes
1108 4177 1157 4231 pss-

339 4231 434 4298 blicas,
453 4229 570 4288 maxime
586 4230 716 4284 militares
734 4227 855 4287 sulficere
871 4251 926 4288 uon
942 4239 1033 4308 possit,
1047 4241 1073 4292 vi
1083 4254 1159 4313 pote.

342 4314 421 4366 ststis
439 4329 566 4380 summae,
582 4329 662 4381 quatu
679 4311 710 4364 in
726 4311 841 4387 imperio
858 4315 947 4384 babet,
965 4337 1015 4389 per
1027 4321 1159 4393 delegatos

344 4396 407 4450 lites
424 4395 549 4468 expedire
565 4405 668 4468 pulsate
685 4413 738 4466 quo
755 4398 815 4468 ipso
827 4407 855 4452 et
871 4400 1048 4472 litigantibus,
1065 4407 1112 4478 qui
1130 4409 1160 4464 iu

346 4481 450 4552 dissitis
467 4481 612 4555 prouinciis
627 4481 743 4552 degum,
754 4485 933 4555 succurritur,
945 4505 997 4558 quc
1008 4488 1161 4546 minoribus

345 4569 494 4640 sumptibus
512 4583 665 4640 processum
682 4567 805 4639 prosequi
821 4579 926 4640 queant,
944 4583 971 4626 et
981 4572 1043 4627 lites
1055 4573 1161 4631 facilius

347 4656 534 4729 expediuntur,
549 4671 608 4708 cum
627 4652 667 4707 rei
686 4653 781 4708 serittu
797 4669 846 4726 per
857 4663 934 4710 testes
946 4665 974 4711 et
984 4657 1162 4716 instrumente

347 4743 380 4796 in
394 4743 471 4806 locis,
488 4739 536 4794 ubi
552 4747 640 4811 pestes
658 4735 798 4804 habitent,
816 4737 980 4794 commodius
997 4737 1088 4795 baberi
1101 4747 1162 4815 pc's.

349 4827 392 4880 sit.
411 4827 555 4880 Thalassa.
571 4821 771 4896 Syntogrnjar.
782 4820 906 4895 pontific.
918 4821 964 4877 ttt.
983 4824 1011 4877 6.
1030 4824 1070 4879 tit.
1092 4827 1117 4880 6.
1136 4845 1160 4880 c.

233 4889 236 4916 ’
350 4909 376 4962 l.
391 4911 467 4965 zoes.
479 4909 517 4962 od
524 4907 650 4964 decretal.
660 4907 701 4961 tit.
712 4906 747 4961 de
758 4903 834 4978 offic.
844 4915 872 4959 et
880 4915 1012 4978 potestate
1030 4909 1091 4980 J'ud.
1109 4911 1161 4965 del.

350 5010 381 5048 n.
395 4994 421 5044 3.
434 4992 536 5046 Dessel
549 4993 578 5046 in
591 4991 981 5061 erotemot.1'ur.eonon.eod
996 4995 1036 5046 tit.
1057 5001 1161 5064 quaest.

349 5081 375 5132 6.
386 5078 484 5132 Mettb.
495 5075 626 5146 Stephani
636 5073 741 5130 detlt'ct.
754 5076 774 5129 l.
784 5079 809 5128 1.
821 5091 844 5132 c.
858 5073 900 5130 lc.
920 5093 948 5131 n.
973 5075 1016 5130 46.
1043 5088 1070 5131 et
1089 5095 1169 5150 seqq.

314 5159 332 5211 1
352 5161 499 5223 Constituit
521 5171 609 5214 actem
633 5160 779 5231 imperator
806 5159 939 5232 delegatos
957 5169 1011 5216 tam
1030 5161 1060 5214 in
1077 5164 1165 5218 causis

353 5258 436 5307 status
454 5261 532 5314 quem
548 5243 678 5311 institisse
695 5255 723 5300 et
740 5244 789 5300 bos
810 5253 937 5318 utrosque
964 5257 991 5302 ut
1019 5245 1166 5317 plurimum

355 5328 586 5395 extraordinarios,
605 5346 716 5399 quorum
735 5339 825 5386 tamen
841 5329 923 5402 aliqui
939 5329 1102 5386 ordinariam
1114 5331 1133 5385 i.
1146 5348 1169 5385 e.

354 5415 457 5488 legibus
473 5413 582 5485 imperii
606 5431 756 5470 eoncessum
780 5415 877 5473 babent
892 5423 1062 5489 potestatem,
1088 5433 1170 5486 eoque

357 5509 477 5572 respectu
494 5499 608 5571 emplius
624 5498 687 5570 quid
704 5517 784 5572 quem
796 5500 907 5570 delegati
922 5512 1018 5554 munus
1029 5498 1171 5554 sustinent.

357 5583 499 5649 ordinarii
516 5599 576 5640 sero
591 5599 645 5638 non
662 5584 718 5638 nisi
735 5595 874 5638 eumenem
890 5584 984 5640 iscieru
1001 5583 1114 5654 delegati
1127 5601 1172 5654 ge·

356 5681 435 5740 tuat«,
449 5680 529 5746 prosu
545 5671 608 5726 bueo
626 5670 717 5726 omnia
739 5669 812 5728 serie
830 5670 861 5726 iu
883 5669 1010 5741 delegatis
1027 5669 1062 5725 sd
1080 5668 1170 5741 inqui·

1187 351 1327 429 rendum,
1344 363 1568 430 «statuendum,
1595 361 1830 436 cognoscendum,
1853 369 2005 439 expedien-
2107 379 2110 386 ‘

1186 445 1248 498 dttsu
1258 485 1267 511 ,
1288 450 1502 518 accusaturus
1520 466 1611 503 cessus
1629 459 1683 502 tuen
1701 449 1765 504 citii
1784 467 1797 504 s
1815 467 1895 521 quant
1915 452 2008 506 utut·

1186 532 1257 584 uates
1274 541 1388 585 statuum
1408 534 1639 603 membronsrnqu·
1658 533 1767 603 imperii
1786 542 1926 604 apparent.
1944 537 2005 590 sse·

1188 622 1230 666 tus
1250 629 1311 666 sero
1329 614 1439 666 nomine
1459 615 1482 667 si
1500 611 1606 684 quando
1630 613 1750 680 justitiae
1771 615 1930 684 opponitur,
1949 636 2006 676 nou

1188 695 1279 765 utiquc
1300 697 1432 750 rationem
1450 697 1571 764 justitiae
1589 698 1697 767 penitus
1719 697 1847 764 excludo,
1866 715 1927 754 cnm
1950 719 2007 760 uon

1188 777 1272 846 possit
1288 794 1343 830 uon
1363 778 1418 831 labi
1438 779 1600 851 imperium,
1613 780 1659 832 ubi
1677 791 1762 834 status
1779 783 1887 851 negotis
1904 787 2009 854 putitiu

1187 881 1241 916 uon
1260 862 1390 916 nituntur.
1410 865 1516 918 Recess.
1535 866 1601 936 imp.
1621 865 1656 918 de
1672 881 1742 918 enno
1762 866 1842 919 stet.
1861 864 1884 938 5.
1903 868 2011 926 mmm!

1189 951 1247 1003 orer.
1266 945 1333 1000 ilem
1351 947 1386 1000 de
1403 965 1473 1002 struo
1494 949 1576 1001 1606.
1594 947 1618 1015 §-
1637 947 1681 1001 lb.
1699 949 1787 1019 igitur
1804 965 1852 1021 pst
1871 952 2004 1022 delegatos
2028 957 2046 1010 6

1189 1032 1310 1102 justitia.-
1328 1031 1391 1084 illos
1411 1033 1551 1102 intelligo,
1570 1030 1617 1102 qui
1635 1049 1775 1087 causarum
1792 1049 1827 1086 es
1850 1036 1910 1101 jure
1926 1037 2013 1110 irspm

1192 1117 1226 1169 rii
1247 1116 1480 1187 disceptsnderum
1498 1113 1702 1186 congnitionem
1726 1125 1755 1168 et
1772 1117 1916 1171 arbitrium
1934 1121 2009 1178 inter

1192 1200 1257 1252 dues
1270 1209 1362 1271 perles
1377 1200 1514 1270 litigantes
1531 1201 1688 1270 suscipiunt.
1708 1199 1759 1252 Per
1778 1200 1911 1272 delegatos
1930 1215 2011 1262 astru
2028 1207 2047 1260 6

1194 1297 1280 1340 sutem
1305 1286 1428 1353 intelligo
1452 1302 1513 1352 eus,
1530 1300 1596 1354 quoe
1620 1284 1777 1354 plerumque
1800 1287 1912 1358 proprio
1938 1301 2012 1346 notu

1196 1370 1314 1425 deceruit
1332 1372 1490 1440 imperetur,
1503 1368 1675 1439 potissimum
1693 1385 1754 1420 cum
1772 1370 1908 1424 mebseio
1926 1373 2015 1446 irnpe-

1197 1456 1238 1506 rio
1257 1455 1381 1509 criuutur
1392 1495 1400 1520 ,
1411 1454 1473 1524 quie
1492 1470 1548 1506 nou
1566 1452 1617 1504 slis
1630 1453 1806 1506 msumoeliori
1817 1455 1858 1508 ris
1874 1471 1954 1524 quam
1966 1477 2021 1530 pse-

1197 1539 1331 1608 delsgstos
1350 1538 1530 1608 tranquillitas
1555 1538 1648 1588 seduci
1673 1547 1772 1608 potest.
1789 1537 1919 1610 Exempla
1934 1542 2014 1600 etism

1197 1625 1275 1679 iuter
1292 1633 1399 1674 exteros
1417 1631 1553 1692 prostant,
1565 1629 1591 1674 et
1608 1623 1762 1691 quotidiana
1780 1633 1859 1691 sunt,
1877 1627 1973 1694 soluti,
1986 1641 2019 1684 ut

1197 1709 1271 1759 iuter
1287 1706 1430 1760 innumere
1448 1723 1530 1758 unum
1547 1707 1695 1760 adducetur
1706 1713 1768 1761 cim
1785 1709 1859 1763 ieter
1876 1711 2025 1782 buglosso

1198 1791 1291 1861 Belgas
1314 1792 1347 1843 de
1365 1790 1600 1860 praelectionibus
1617 1793 1721 1844 mutuis
1745 1809 1815 1846 enno
1834 1794 1912 1848 1666.
1932 1796 2017 1852 eliseo

1199 1887 1297 1946 pletum
1317 1875 1386 1939 init,
1407 1891 1454 1945 per
1479 1874 1612 1942 delegatos
1637 1871 1755 1926 feliciter
1776 1875 1839 1928 lites
1856 1881 2019 1949 compositae

1197 1971 1268 2010 sunt.
1287 1959 1434 2027 Aliquando
1454 1957 1534 2010 etism
1554 1965 1638 2008 status
1652 1954 1761 2024 imperii
1775 1956 1966 2026 impensiorem
1983 1964 2017 2018 sd
2034 1971 2052 2022 1

1198 2041 1396 2093 constituendos
1413 2040 1546 2108 togatae
1565 2039 1729 2103 sollicitent,
1740 2039 1811 2108 quod
1824 2040 1867 2092 asti
1878 2043 1960 2098 etism
1972 2043 2018 2098 oi..

1198 2125 1257 2180 licii
1275 2142 1333 2182 ess.-
1353 2125 1495 2194 collegium
1508 2124 1646 2178 doctorale
1656 2124 1839 2191 existimarit,
1850 2128 1957 2196 quando
1967 2147 2027 2184 anu

1198 2211 1331 2266 661660.
1355 2209 1544 2279 imperatoriae
1565 2206 1698 2274 majestati
1721 2207 1912 2276 delegationem
1935 2215 2019 2268 suasit

1198 2299 1270 2352 iuter
1288 2298 1366 2352 disces
1383 2297 1519 2350 Holsstise
1532 2305 1557 2350 et
1569 2295 1700 2350 ciuitatem
1714 2293 1947 2366 hamburgensem.
1960 2299 2019 2355 vid.

1198 2388 1295 2440 decret·
1322 2386 1432 2439 Caesar.
1452 2381 1540 2450 legata
1558 2383 1631 2450 regis
1655 2381 1771 2436 Desine
1790 2383 1966 2439 Batulonoe.
1992 2386 2019 2440 d.

1198 2472 1243 2523 22.
1249 2469 1329 2542 junii
1349 2466 1430 2522 tute.
1450 2465 1563 2521 dotum.
1573 2465 1628 2520 itt.-
1641 2466 1685 2520 ds'e
1702 2467 1879 2537 Forstellung
1894 2468 1946 2522 der
1961 2485 2022 2525 aton

1199 2555 1416 2610 ltoclrloellielten
1436 2551 1672 2624 cauponatores
1691 2552 1806 2622 collegio
1825 2553 1896 2606 noclt
1913 2551 1951 2606 im
1969 2568 2021 2610 aa·

1199 2661 1235 2696 no
1262 2641 1342 2694 1660.
1367 2638 1564 2710 eingeratlenen
1589 2635 1802 2706 Kaeyserliclten
1832 2637 2020 2692 commission.

1201 2728 1285 2798 Quale
1301 2725 1366 2796 quid
1385 2741 1471 2795 nuper
1483 2739 1552 2777 enno
1569 2722 1650 2775 tuot.
1669 2720 1731 2775 dum
1749 2737 1874 2793 prensens
1893 2723 2018 2777 Ratisbo·

1200 2827 1251 2864 nse
1269 2818 1340 2864 esset
1358 2809 1517 2879 imperator,
1528 2807 1693 2876 repetitum,
1708 2817 1733 2862 et
1750 2806 1808 2875 regi
1827 2807 2021 2880 Deuitestque

1201 2893 1261 2948 duci
1280 2893 1416 2947 Bolentiae
1435 2893 1522 2947 denno
1539 2892 1698 2946 inculcatura
1716 2889 1777 2944 luit.
1798 2893 1862 2946 Post
1878 2892 2021 2965 imperato·
2039 2893 2057 2945 6

1200 2995 1257 3032 rem
1276 2975 1395 3032 facultate
1411 2977 1462 3030 bac
1479 2975 1595 3046 gaudem
1612 2977 1757 3042 electores,
1772 2976 1820 3047 qui
1838 2987 1964 3032 secentur
1976 2977 2022 3032 sle·

1200 3078 1246 3116 ous
1269 3063 1399 3133 imperii,
1423 3063 1560 3116 columnae
1584 3071 1612 3116 et
1640 3063 1720 3114 latera
1748 3059 1876 3132 imperii,
1905 3061 2023 3118 illustres

1201 3149 1360 3219 principes,
1383 3149 1413 3200 in
1436 3147 1531 3218 quibus
1554 3145 1677 3200 consistit
1706 3145 1896 3218 Imperatoriae
1919 3147 2023 3216 glories

1201 3231 1344 3295 celsitudo,
1365 3250 1390 3284 s.
1408 3231 1434 3284 b.
1453 3231 1493 3284 tit.
1512 3229 1559 3285 ult.
1578 3231 1603 3298 §.
1614 3232 1640 3283 1.
1652 3229 1780 3284 Palmites
1798 3229 1968 3299 imperiales,
1981 3246 2023 3283 se-

1202 3327 1272 3385 ptem
1291 3313 1447 3370 candelebra
1464 3313 1579 3366 lucentis
1597 3317 1626 3366 iu
1645 3313 1747 3368 unitsts
1766 3313 1879 3384 spiritus
1898 3309 2023 3384 septilor-

1203 3400 1255 3452 mis
1276 3416 1332 3452 sur.
1357 3400 1428 3452 bulla
1445 3397 1476 3452 in
1498 3415 1539 3466 pr.
1564 3397 1685 3451 Membra
1710 3395 1830 3467 corporis
1853 3395 2025 3466 imperatoris

1209 3499 1264 3538 sut.
1282 3482 1354 3536 bulla
1371 3485 1412 3534 tit.
1425 3480 1473 3535 21.
1482 3498 1525 3554 pr.
1540 3481 1651 3535 Oberste
1667 3479 1728 3536 und
1738 3481 1935 3534 allernaeelzste
1950 3477 2024 3532 Glit-

1203 3569 1253 3624 tter
1269 3567 1314 3620 des
1336 3567 1455 3636 heiligen
1473 3565 1588 3631 lleiclts,
1609 3565 1722 3620 oteesse
1743 3567 1844 3619 Vaetet·
1861 3563 1919 3617 und
1937 3563 2024 3618 llatlt·

1202 3651 1284 3722 geber
1299 3651 1349 3706 der
1369 3651 1516 3705 Teutsclten
1539 3649 1658 3718 Notion,
1684 3649 1756 3720 apud
1781 3647 1970 3704 Hortledernm
1993 3645 2027 3700 de

1204 3735 1306 3790 eamn
1324 3732 1384 3788 bell.
1404 3733 1536 3788 German.
1554 3733 1600 3787 lib.
1620 3737 1644 3786 1.
1664 3751 1688 3787 c.
1704 3733 1898 3805 6211632112.
1917 3751 1946 3785 n.
1960 3731 2024 3784 611.

1206 3817 1336 3889 Quinimo
1355 3819 1468 3873 illorum
1485 3819 1588 3874 Holteit
1605 3817 1664 3873 und
1685 3821 1845 3874 Actor-itaet
1862 3821 1898 3872 ist
1915 3816 1966 3870 mit
1983 3815 2021 3871 ei·
2039 3811 2058 3864 9

1206 3920 1256 3958 nes
1273 3903 1449 3957 lloemiselest
1466 3905 1587 3974 Kaysers
1602 3903 1706 3958 Gemoll
1723 3905 1781 3959 und
1796 3905 1914 3972 Holteit,
1938 3905 2026 3960 dolter

1205 3989 1246 4042 sie
1264 3986 1467 4060 oacbstiesset,
1493 3986 1651 4042 dermotten
1676 3985 1854 4055 verbunden,
1878 3989 1941 4042 dots
1962 3989 2024 4049 eine

1208 4071 1280 4128 abne
1292 4071 1336 4127 die
1352 4071 1456 4127 andere
1472 4067 1546 4122 nicltt
1563 4071 1684 4126 bestebm
1695 4071 1756 4126 lton.
1772 4073 1815 4126 Ja
1827 4071 1892 4126 dost
1905 4073 1951 4127 die
1961 4075 2026 4130 ltce-
2046 4073 2079 4126 tc
2190 4139 2191 4142 Ἴ

1208 4159 1283 4211 clete
1304 4153 1403 4212 llitrde
1418 4156 1469 4211 der
1484 4153 1679 4226 Clutsstrsteu,
1693 4155 1779 4210 damis
1795 4156 1837 4210 sie
1848 4173 1905 4212 vor
1916 4157 2025 4214 andern

1210 4239 1352 4312 Kaenigen
1376 4241 1435 4296 urtd
1456 4243 1625 4294 Potesttaten
1647 4239 1776 4310 genietet,
1793 4241 1861 4294 eben
1886 4239 1958 4295 diere
1974 4241 2027 4310 ist,

1210 4327 1275 4381 dots
1289 4323 1330 4378 sie
1346 4323 1425 4379 einen
1442 4323 1618 4381 licemisclten
1637 4325 1759 4394 Kayser,
1777 4321 1873 4379 descen
1890 4327 2029 4380 Autlzori·

1211 4417 1266 4462 taet
1282 4407 1341 4462 und
1360 4409 1464 4464 &stult
1473 4408 1532 4462 -alle
1550 4407 1655 4464 andem
1666 4405 1814 4477 ibertrs'fft,
1826 4425 1885 4462 oon
1898 4408 1948 4463 der
1957 4407 2030 4464 aucit

1212 4493 1269 4548 alle
1285 4491 1387 4548 andere
1402 4485 1577 4564 lerdieesen,
1594 4511 1629 4548 su
1651 4493 1753 4550 wellen
1771 4493 1877 4558 halen,
1896 4489 2032 4547 referente

1213 4575 1341 4631 Heinrico
1365 4573 1497 4647 Bruniug.
1521 4575 1654 4632 decuriis
1672 4574 1840 4631 universitot.
1865 4575 1976 4648 speciei.
1994 4576 2030 4629 en.

1215 4662 1259 4711 10.
1276 4661 1316 4716 lit·
1332 4678 1359 4713 a.
1379 4659 1489 4712 flcnric.
1508 4657 1683 4714 Zoelners'de
1694 4675 1749 4726 reg.
1765 4675 1872 4712 roman.
1883 4661 1955 4714 elect.
1967 4677 2035 4714 con·

1213 4743 1278 4802 clus.
1289 4743 1334 4796 tu.
1346 4741 1471 4809 Accedit,
1483 4741 1553 4814 quod
1570 4742 1677 4811 regibus
1696 4739 1912 4811 aequiparentur,
1926 4731 2032 4797 etiamsi
2054 4751 2087 4802 11

1213 4827 1270 4881 illie
1286 4827 1375 4882 desint
1390 4825 1499 4880 nomine
1515 4833 1545 4880 et
1562 4823 1679 4895 insignis
1696 4826 1778 4896 regia.
1797 4825 1851 4887 eid.
1876 4825 1948 4880 Petr.
1966 4826 2036 4880 liei·

1213 4911 1273 4981 gina
1290 4920 1363 4983 part.
1390 4918 1413 4962 t.
1439 4919 1543 4978 quaest.
1559 4907 1620 4982 J'ur.
1646 4917 1705 4961 tarn
1727 4905 1799 4962 citil.
1822 4923 1906 4976 quarte
1931 4921 2035 4962 socon.

1214 5003 1316 5068 quaest.
1332 4993 1359 5047 l.
1376 5009 1405 5046 n.
1423 4991 1555 5046 t1.1teu
1572 4991 1606 5046 de
1623 4991 1781 5046 electoribus
1797 4991 1957 5061 praedicare
1968 5008 2035 5062 pos·

1216 5071 1305 5132 sumus
1317 5115 1327 5144 ,
1350 5075 1421 5149 qnod
1445 5077 1570 5133 lustinus
1591 5075 1726 5148 quondam
1750 5071 1785 5128 de
1810 5073 1943 5145 Lydorum
1972 5090 2036 5145 rego

1217 5160 1314 5216 Croeso
1331 5160 1384 5228 ait,
1403 5177 1465 5215 euru
1482 5159 1508 5214 si
1525 5175 1580 5214 uon
1598 5159 1713 5231 regiam,
1725 5157 1814 5228 regias
1832 5167 1922 5212 temen
1941 5155 2031 5226 digui-

1218 5243 1267 5299 tsti
1284 5245 1434 5316 proximem
1451 5245 1538 5317 egisse
1554 5243 1636 5302 sitem
1653 5241 1698 5298 lii.
1718 5245 1744 5296 1.
1762 5261 1818 5312 cop.
1836 5243 1864 5296 'l.
1877 5259 1905 5293 n.
1918 5241 1947 5294 'l.
1957 5240 2037 5296 Unde
2054 5241 2090 5294 12

1219 5329 1345 5384 electores
1361 5329 1469 5400 regibus
1480 5327 1603 5382 scribunt
1614 5343 1669 5381 uon
1682 5327 1760 5384 Bure
1777 5324 1895 5380 Gnaden
1913 5323 1959 5379 sed
1973 5325 2034 5379 llu-

1220 5429 1251 5468 re
1273 5413 1371 5479 lule,
1388 5412 1450 5484 quis
1473 5427 1524 5467 sax
1554 5411 1650 5467 Gnade
1675 5409 1747 5466 iuter
1764 5409 1883 5465 illustres
1902 5408 2040 5481 principes

1221 5495 1335 5568 sliquem
1351 5493 1567 5567 inaequalitatem
1581 5492 1696 5562 indicet,
1708 5507 1759 5550 sox
1771 5511 1833 5548 vero
1849 5492 1932 5550 dieis
1944 5511 2039 5563 seque·

1222 5581 1335 5648 litatem,
1348 5597 1432 5654 neque
1451 5577 1523 5634 Jltre
1541 5577 1719 5649 Koeniglielte
1730 5576 1889 5648 lassescet,
1904 5576 1949 5630 sed
1965 5575 2038 5630 Jllre

1226 5663 1401 5739 Ilcenigliclts
1424 5663 1532 5726 Μ·
1548 5661 1603 5722 tid.
1624 5661 1809 5719 Furstenerius
1825 5663 1859 5720 tle
1875 5660 2040 5734 Suprematu
