4400 6226
718 337 1106 420 ntsnurauto
1144 337 1347 443 aurata

353 538 1069 662 taunuttuutttto
1117 537 1700 680 autauttta.

726 777 761 820 n.
786 773 858 822 xus.
880 771 1011 840 aman,
1034 771 1119 820 amo
1141 774 1338 822 sammaa.

829 949 919 994 tao
953 947 1228 994 ΗΗΙΗΑ

558 1099 605 1168 tt.
628 1097 872 1190 amamus
894 1096 1076 1184 GRUBE,
1098 1096 1298 1168 uadunt
1321 1098 1506 1174 BORUSS.

745 1323 1303 1374 ψ

873 1485 1195 1558 ΡΒΕΡΑΜΕΝ.

179 1709 389 1842 Monitum
409 1757 495 1829 illud
516 1757 690 1828 doctorum
713 1751 917 1820 discentibus
940 1747 1147 1840 suppeditari
1167 1749 1323 1822 solitum:
1339 1779 1409 1826 esse
1429 1754 1585 1852 inprimis
1605 1762 1662 1833 illa
1681 1767 1878 1839 addiscenda

181 1853 445 1943 iracundaque,
466 1871 555 1941 quaa
576 1865 656 1916 snut
678 1843 774 1912 utilia
791 1854 824 1908 et
839 1841 1009 1908 communi
1026 1839 1197 1910 homiuum
1214 1847 1411 1915 commercio
1426 1851 1570 1920 maxime
1584 1855 1747 1944 prolicua,
1765 1883 1880 1928 esem·

206 1945 240 2014 ιο
267 1941 541 2034 legumlatorum‚
564 1937 627 2030 qui
650 1933 693 2004 ad
716 1933 753 1999 id
777 1929 934 2023 inprimis
957 1929 1109 1998 raserunt
1132 1931 1236 2024 leges,
1260 1935 1348 2025 quod
1366 1938 1599 2029 utplurimum
1622 1943 1716 2034 fieri,
1738 1949 1879 2040 insuper

179 1969 367 2114 babentes,
388 2027 479 2122 quod
503 2049 577 2096 raro
597 2024 793 2114 contingere
815 2021 897 2090 solet
921 2019 951 2088 l.
976 2019 1007 2086 3.
1029 2035 1067 2087 et
1089 2043 1157 2113 aeq.
1168 2023 1214 2112 ff.
1238 2022 1282 2089 de
1303 2024 1403 2118 legib.
1428 2031 1716 2125 mihiquaque-iu
1730 2049 1880 2108 mentem

183 2125 293 2192 venit.
318 2119 505 2211 Postquam
533 2117 623 2184 enim
648 2114 794 2205 legitima
819 2108 967 2178 sustinui
988 2111 1159 2193 examina,
1182 2135 1326 2181 concessa
1352 2133 1401 2184 est
1426 2120 1511 2188 mibi
1540 2145 1559 2190 a
1586 2125 1759 2215 magnifico
1787 2129 1880 2219 jure·

181 2211 414 2281 consultorem
438 2207 575 2288 ordine,
591 2229 653 2298 pro
674 2202 867 2272 obtinendis
890 2201 1029 2268 summis
1052 2201 1089 2266 in
1113 2215 1258 2294 utroque
1281 2209 1356 2296 jure
1379 2206 1581 2300 honoribus,
1603 2212 1827 2306 dignitatibus
1841 2241 1879 2286 aa

206 2300 373 2404 ritilegiis
394 2296 631 2377 doctoralibus,
654 2296 719 2362 rite
742 2316 779 2359 ao
800 2290 994 2359 solemniter
1016 2293 1272 2384 consequendis,
1294 2295 1490 2387 disputandi
1513 2301 1658 2372 licentia.
1688 2305 1761 2374 Diu
1788 2307 1878 2375 deli·

227 2402 321 2458 rauta
341 2409 439 2467 vero,
462 2408 564 2476 quam
586 2381 826 2473 disputationis
848 2381 918 2456 loeo
940 2380 1143 2447 elaborarem
1165 2385 1354 2468 materiam,
1378 2411 1517 2478 eamque
1540 2392 1693 2482 publicae
1722 2396 1875 2464 erudito·

178 2505 264 2548 rnm
287 2497 444 2545 censurae
466 2495 681 2564 exponerem,
705 2469 829 2560 placuit
854 2469 987 2535 tandem
1004 2470 1124 2562 eligere
1141 2473 1310 2538 materiam
1327 2475 1370 2539 de
1385 2478 1546 2569 principis
1561 2482 1731 2574 delegato,
1746 2509 1766 2554 a
1781 2485 1876 2555 nullo

180 2571 361 2649 hactenus,
384 2565 611 2656 inquantum
635 2561 724 2628 mihi·
742 2571 885 2638 constat,
909 2557 1094 2646 specialiter
1116 2561 1321 2644 sslribitams
1345 2562 1422 2628 licet
1445 2587 1512 2632 non
1535 2569 1697 2654 diffitear,
1719 2574 1763 2642 de
1785 2575 1876 2644 dele·

180 2662 273 2753 gatis
296 2681 315 2724 a
338 2654 528 2722 doctoribus
550 2651 711 2718 nonnulla
727 2671 797 2714 esse
813 2649 998 2738 proposita,
1015 2658 1128 2711 extare
1144 2669 1280 2738 quoque
1295 2649 1435 2741 Rutgeri
1451 2653 1598 2746 Rulandi
1616 2669 1792 2730 traomum
1807 2665 1877 2732 ele-

184 2748 423 2844 gantissimum
447 2741 490 2809 de
511 2739 761 2818 commissariis,
791 2736 961 2802 materiam
986 2747 1097 2802 tamen
1122 2735 1207 2801 hanc
1232 2737 1377 2805 levi'rix
1395 2743 1552 2829 penicillo
1572 2746 1803 2822 adumbratam
1817 2753 1876 2823 de·

36 2831 39 2836 .
68 2867 71 2872 ⁴
101 2863 105 2870 Ι
183 2837 367 2996 Ξῐώθῃᾶῐ.
392 2833 528 2901 Utilius
551 2831 726 2912 mmm,
748 2851 825 2936 cmm
850 2827 976 2930 ipsatse
1000 2824 1167 2930 ostendat,
1193 2825 1318 2916 prolixa
1343 2832 1628 2936 commendatione
1657 2861 1723 2906 uon
1747 2841 1876 2936 indiget

180 2954 268 3086 ...t
288 2913 1877 3103 talisi,‘t‘tttt.tt;t.t¹t,¹¹t⁰,.lttttttsstttffhtttttttlttt'..titt

185 3121 235 3176 tas
258 3106 298 3174 id
321 3101 558 3198 prohibuisset.
582 3101 793 3256 Quapropter
816 3097 906 3162 hisce
929 3107 1124 3174 contentus,
1148 3095 1307 3162 benevole
1330 3097 1449 3180 lector,
1474 3101 1582 3194 lapsus
1604 3106 1739 3196 siquos
1762 3109 1800 3176 in
1821 3135 1877 3180 co·

210 3197 272 3265 iosi
298 3193 451 3264 thematis
475 3193 574 3283 hujus
596 3215 661 3280 exp
674 3189 829 3255 amatione
852 3183 1138 3264 animadverteris,
1161 3185 1400 3274 imbecillitati,
1424 3215 1512 3280 quae
1536 3197 1732 3266 naturaliter
1753 3217 1875 3268 morta·

185 3222 280 3355 libus
303 3287 406 3365 inest,
429 3282 614 3352 adscribere
637 3279 727 3346 velis.
754 3277 862 3356 Deum
886 3290 909 3341 t.
932 3299 962 3341 o.
987 3300 1034 3340 m.
1058 3273 1256 3344 ardentibus
1280 3278 1412 3346 iuterim
1437 3281 1577 3351 sollicito
1599 3287 1768 3375 precibus,
1791 3291 1874 3358 velit

186 3379 295 3468 gratia
319 3375 467 3467 Spiritus
490 3372 592 3440 sancti
611 3369 783 3436 conatibus
806 3368 887 3432 meis
909 3365 1040 3444 adesse,
1064 3389 1133 3457 quo
1156 3366 1301 3434 laborem
1331 3368 1417 3436 bunc
1445 3387 1629 3463 susceptum
1647 3379 1696 3444 ad
1725 3377 1874 3447 felicissi-

186 3491 283 3534 mum
307 3466 408 3533 finem
433 3462 614 3555 perducere
639 3481 767 3550 queam.
795 3457 851 3524 Τιι
881 3457 975 3523 Deus
1002 3477 1080 3546 ergo
1107 3474 1176 3524 esto
1204 3457 1429 3550 principium,
1458 3461 1605 3532 medium
1633 3465 1781 3536 attinia-
1810 3494 1873 3540 no·

186 3557 273 3624 0211·
300 3577 377 3644 109·
395 3577 459 3645 pr·

877 3747 1199 3840 carust

711 3923 768 3990 De
792 3920 946 4014 delegato
964 3922 1135 4012 principis
1157 3923 1193 3988 in
1214 3947 1357 4018 genera.

435 4142 457 4194 S
477 4143 505 4197 U
518 4140 555 4194 Π
567 4139 604 4193 Π
617 4139 646 4191 A
664 4139 690 4192 tt
707 4136 769 4192 11
1063 4129 1166 4202 Discat
1181 4135 1333 4205 adelegem
1352 4133 1494 4204 infitiaris
1511 4136 1692 4207 magistratus.
1717 4143 1746 4196 ιι.
1771 4139 1818 4196 28.
1847 4151 1875 4198 et

1094 4234 1166 4287 seqq.

196 4319 345 4386 Ingratus.
363 4325 390 4361 ιι.
411 4310 437 4358 1.
1064 4297 1163 4365 Dfflrt
1179 4317 1197 4352 a
1209 4299 1300 4369 jndice
1316 4301 1467 4356 ordinaria.
1484 4323 1513 4357 ιι.
1533 4305 1576 4358 11.
1595 4316 1622 4359 et
1637 4321 1712 4379 seqq.

197 4391 386 4463 Itsrmalogs'a.
405 4408 433 4443 n.
451 4389 477 4442 2.
1061 4383 1114 4433 Et!
1130 4379 1285 4450 ciffis-etatis
1303 4386 1375 4437 inter
1390 4383 1540 4455 delegatam
1552 4399 1579 4443 et
1587 4389 1707 4460 iadicem
1716 4387 1874 4464 pedaneum

191 4477 390 4548 mmmm
409 4494 438 4528 n,
456 4475 481 4525 3,
1094 4466 1150 4518 sive
1166 4463 1266 4518 datam.
1286 4485 1314 4520 ιι.
1331 4467 1376 4518 10.
1393 4477 1420 4520 et
1437 4487 1508 4541 seqq.

192 4569 249 4622 Jets'
262 4563 379 4636 puidam
395 4565 508 4628 putant,
530 4551 685 4608 matutam
702 4553 825 4622 delegate
842 4554 935 4608 minua
946 4551 1010 4610 lati·
1062 4553 1109 4602 Aa
1127 4544 1240 4614 dtffirat
1256 4567 1274 4602 a
1292 4551 1469 4607 mandatorio
1479 4551 1704 4626 jurisdictionis?
1728 4573 1756 4610 ιι.
1782 4555 1826 4612 ld.
1849 4568 1877 4614 et

231 4663 299 4702 ιιιιιιι
318 4659 383 4698 esea.
401 4657 428 4692 ιι.
446 4639 472 4690 l·
1097 4647 1172 4702 ’919-

193 4730 330 4797 Dcfinstab
348 4722 463 4792 delegati
476 4717 616 4793 principia.
633 4737 661 4772 ιι.
681 4719 706 4770 t.
1065 4717 1141 4770 Uada
1157 4713 1285 4786 cognosci
1297 4717 1392 4786 possit,
1411 4738 1450 4774 asa
1468 4717 1568 4790 als'pua'a
1584 4719 1619 4774 ait
1635 4731 1743 4777 creatus
1761 4723 1877 4781 ordina.

194 4809 345 4867 Damasia
361 4807 555 4876 ddsgataram.
573 4821 601 4856 ιι.
619 4803 644 4854 d.
1094 4797 1151 4852 rius
1168 4815 1207 4850 aa
1225 4798 1382 4868 delegatas?
1399 4819 1426 4853 ιι.
1445 4798 1489 4852 tt.

190 4895 321 4968 Delegats'
334 4889 370 4944 ad
386 4888 587 4946 uniuersitatem
606 4899 758 4940 casatorum.
775 4905 803 4940 ιι.
824 4888 849 4939 ’1.

193 4977 320 5050 &togati
333 4977 486 5030 ademtam
504 4987 626 5026 causam.
644 4987 670 5022 n.
688 4969 715 5022 8.
1061 4905 1215 5032 Quamvis
1232 4967 1364 5021 neminem
1384 4969 1453 5022 mibi
1470 4967 1537 5022 sitio
1555 4985 1692 5025 versurum
1712 4969 1871 5036 medamst
1893 4978 1908 5030 1

195 5059 297 5130 »ῥίφω
315 5055 452 5128 detegatur
469 5052 601 5122 principis
617 5071 634 5104 a
651 5053 748 5122 legato.
767 5071 796 5104 ιι.
814 5053 839 5106 9.
857 5064 883 5108 st
899 5069 970 5126 seqq.
1059 5050 1209 5118 exemplum
1222 5051 1237 5102 J
1241 5049 1545 5121 uatinianiimperatoris
1557 5053 1643 5107 nostri
1663 5055 1876 5122 sequutusamis·

199 5141 302 5212 Bt'ffin
318 5157 336 5194 a
356 5138 493 5211 deputato.
512 5153 539 5186 ιι.
560 5135 602 5187 tt.
617 5143 646 5188 et
662 5149 717 5204 aeq.
1059 5131 1097 5182 sis
1115 5131 1164 5194 iia,
1182 5149 1249 5201 quae
1266 5135 1335 5188 circa
1352 5136 1555 5206 etymologiam,
1574 5137 1771 5205 homonymiam
1791 5147 1819 5192 et
1832 5155 1876 5209 ay·

199 5227 244 5277 Aa
259 5219 380 5293 Mara!
399 5241 416 5275 a
431 5217 618 5288 commissario
637 5216 795 5285 quaeritur?
813 5234 841 5268 n.
861 5219 903 5270 17.
966 5227 968 5229 ’
1060 5216 1210 5284 nanymlant
1229 5219 1298 5272 rosis
1316 5219 1430 5288 proponi
1446 5221 1546 5284 talant,
1558 5220 1650 5272 statim
1664 5236 1706 5271 me
1719 5220 1753 5273 ad
1766 5238 1795 5272 sa
1812 5237 1877 5276 con·

200 5304 338 5360 Balatrdsaa
353 5318 406 5374 pra
425 5300 520 5355 aetam
538 5299 635 5353 [saber-i
647 5316 726 5371 passa
751 5316 872 5355 asserere
895 5299 1012 5357 videtur·
1061 5303 1198 5368 tulissem,
1214 5321 1279 5372 qttsa
1297 5304 1327 5356 iu
1345 5302 1410 5374 ipsis
1429 5319 1517 5355 rerum
1535 5302 1875 5378 obtinetrtsrgumeutis5.

233 5405 260 5440 a.
282 5385 326 5440 18.
1063 5387 1085 5438 8.
1103 5387 1316 5448 praeeminetis.
1330 5404 1362 5438 ne
1377 5398 1464 5438 tamea
1478 5387 1611 5438 communi
1625 5385 1759 5442 doctorum
1774 5391 1874 5448 calculo

201 5467 372 5526 ὓοιιιιιιιίιιιι
388 5470 530 5542 antarta.
548 5488 575 5521 ιι.
596 5469 637 5522 tt.
656 5477 683 5520 et
699 5483 771 5542 ssaq.
1061 5470 1231 5541 approbatam
1245 5469 1459 5524 cidererturbare
1472 5468 1641 5534 methodum,
1652 5471 1771 5524 nominis
1782 5473 1871 5544 pritts,

204 5553 306 5623 Differt
324 5557 359 5613 ab
377 5560 515 5626 aastngs's.
534 5574 560 5608 ιι.
579 5555 623 5606 13.
642 5561 669 5607 et
685 5569 739 5622 sap.
1061 5563 1200 5622 autequam
1218 5553 1250 5605 sd
1269 5569 1323 5606 rem
1343 5554 1427 5624 ipsam
1447 5571 1488 5606 ma
1507 5555 1687 5622 accingerent,
1702 5555 1814 5624 aliquam
1829 5557 1876 5612 ba·

204 5637 304 5710 Dt'ffert
319 5640 355 5694 ab
375 5638 497 5694 arbitria.
516 5656 541 5690 n.
559 5637 605 5690 att.
623 5645 650 5688 et
666 5651 735 5708 seqq.
1062 5635 1175 5690 bendum
1193 5652 1251 5691 ease
1268 5637 1398 5692 retinuem
1417 5637 1490 5691 duxi.
1507 5637 1540 5692 Et
1554 5637 1663 5708 quidem
1681 5641 1753 5696 roais
1765 5639 1873 5713 delegati
1892 5637 1910 5690 2
