<?xml version="1.0" encoding="UTF-8"?>
<!DOCTYPE html PUBLIC "-//W3C//DTD XHTML 1.0 Transitional//EN"
    "http://www.w3.org/TR/xhtml1/DTD/xhtml1-transitional.dtd">
<html xmlns="http://www.w3.org/1999/xhtml" xml:lang="en" lang="en">
 <head>
  <title>
</title>
<meta http-equiv="Content-Type" content="text/html;charset=utf-8" />
  <meta name='ocr-system' content='tesseract 3.04.00' />
  <meta name='ocr-capabilities' content='ocr_page ocr_carea ocr_par ocr_line ocrx_word'/>
</head>
<body>
  <div class='ocr_page' id='page_1' title='image "./samuelisstrykii03schogoog/samuelisstrykii03schogoog_0385.png"; bbox 0 0 4454 6214; ppageno 0'>
   <div class='ocr_carea' id='block_1_1' title="bbox 236 301 1815 374">
    <p class='ocr_par' dir='ltr' id='par_1_1' title="bbox 236 301 1815 374">
     <span class='ocr_line' id='line_1_1' title="bbox 236 301 1815 374; baseline -0.008 -10"><span class='ocrx_word' id='word_1_1' title='bbox 236 307 289 364; x_wconf 79' lang='lat' dir='ltr'>tte</span> <span class='ocrx_word' id='word_1_2' title='bbox 718 301 765 356; x_wconf 77' lang='lat' dir='ltr'>DE</span> <span class='ocrx_word' id='word_1_3' title='bbox 783 301 829 356; x_wconf 82' lang='lat' dir='ltr'>EO</span> <span class='ocrx_word' id='word_1_4' title='bbox 848 303 949 374; x_wconf 85' lang='lat' dir='ltr'><strong>QUOD</strong></span> <span class='ocrx_word' id='word_1_5' title='bbox 963 302 1024 358; x_wconf 75' lang='lat' dir='ltr'>utu</span> <span class='ocrx_word' id='word_1_6' title='bbox 1044 302 1124 358; x_wconf 85' lang='lat' dir='ltr'>lPSO</span> <span class='ocrx_word' id='word_1_7' title='bbox 1141 303 1246 367; x_wconf 65' lang='lat' dir='ltr'>scuti,</span> <span class='ocrx_word' id='word_1_8' title='bbox 1262 317 1327 356; x_wconf 74' lang='lat' dir='ltr'>erc.</span> <span class='ocrx_word' id='word_1_9' title='bbox 1762 318 1815 372; x_wconf 62' lang='lat'>771</span> 
     </span>
    </p>
   </div>
   <div class='ocr_carea' id='block_1_2' title="bbox 141 397 1868 2242">
    <p class='ocr_par' dir='ltr' id='par_1_2' title="bbox 141 397 1868 2242">
     <span class='ocr_line' id='line_1_2' title="bbox 177 397 1864 485; baseline 0.005 -27"><span class='ocrx_word' id='word_1_10' title='bbox 177 404 206 458; x_wconf 81' lang='lat' dir='ltr'>si</span> <span class='ocrx_word' id='word_1_11' title='bbox 227 404 285 467; x_wconf 81' lang='lat' dir='ltr'>itta,</span> <span class='ocrx_word' id='word_1_12' title='bbox 303 402 348 470; x_wconf 90' lang='lat' dir='ltr'>qui</span> <span class='ocrx_word' id='word_1_13' title='bbox 367 402 493 456; x_wconf 84' lang='lat' dir='ltr'>delictum</span> <span class='ocrx_word' id='word_1_14' title='bbox 513 400 643 455; x_wconf 86' lang='lat' dir='ltr'>famosum</span> <span class='ocrx_word' id='word_1_15' title='bbox 661 397 816 464; x_wconf 86' lang='lat' dir='ltr'>confitetur,</span> <span class='ocrx_word' id='word_1_16' title='bbox 830 402 904 454; x_wconf 87' lang='lat' dir='ltr'>fratri</span> <span class='ocrx_word' id='word_1_17' title='bbox 923 401 999 453; x_wconf 88' lang='lat' dir='ltr'>afra·</span> <span class='ocrx_word' id='word_1_18' title='bbox 1048 401 1187 454; x_wconf 88' lang='lat' dir='ltr'>damnatus</span> <span class='ocrx_word' id='word_1_19' title='bbox 1205 419 1286 470; x_wconf 84' lang='lat' dir='ltr'>poena</span> <span class='ocrx_word' id='word_1_20' title='bbox 1306 404 1434 471; x_wconf 84' lang='lat' dir='ltr'>corporali</span> <span class='ocrx_word' id='word_1_21' title='bbox 1454 407 1564 472; x_wconf 66' lang='lat' dir='ltr'>graminei</span> <span class='ocrx_word' id='word_1_22' title='bbox 1589 409 1725 466; x_wconf 86' lang='lat' dir='ltr'>ordinaria</span> <span class='ocrx_word' id='word_1_23' title='bbox 1742 433 1826 485; x_wconf 73' lang='lat' dir='ltr'>poena</span> <span class='ocrx_word' id='word_1_24' title='bbox 1845 421 1864 474; x_wconf 79' lang='lat'>1,</span> 
     </span>
     <span class='ocr_line' id='line_1_3' title="bbox 184 483 1868 558; baseline 0.008 -17"><span class='ocrx_word' id='word_1_25' title='bbox 184 497 223 541; x_wconf 89' lang='lat' dir='ltr'>tre</span> <span class='ocrx_word' id='word_1_26' title='bbox 241 489 386 558; x_wconf 86' lang='lat' dir='ltr'>praelatus,</span> <span class='ocrx_word' id='word_1_27' title='bbox 408 487 495 541; x_wconf 89' lang='lat' dir='ltr'>statim</span> <span class='ocrx_word' id='word_1_28' title='bbox 514 506 527 538; x_wconf 93' lang='lat' dir='ltr'>a</span> <span class='ocrx_word' id='word_1_29' title='bbox 548 496 667 555; x_wconf 85' lang='lat' dir='ltr'>tempore</span> <span class='ocrx_word' id='word_1_30' title='bbox 685 503 736 554; x_wconf 90' lang='lat' dir='ltr'>quo</span> <span class='ocrx_word' id='word_1_31' title='bbox 756 496 864 540; x_wconf 90' lang='lat' dir='ltr'>testator</span> <span class='ocrx_word' id='word_1_32' title='bbox 880 487 997 555; x_wconf 83' lang='lat' dir='ltr'>quslem·</span> <span class='ocrx_word' id='word_1_33' title='bbox 1050 487 1092 538; x_wconf 81' lang='lat' dir='ltr'>te.</span> <span class='ocrx_word' id='word_1_34' title='bbox 1108 487 1131 551; x_wconf 58' lang='lat' dir='ltr'>t</span> <span class='ocrx_word' id='word_1_35' title='bbox 1150 487 1176 535; x_wconf 84' lang='lat' dir='ltr'>t.</span> <span class='ocrx_word' id='word_1_36' title='bbox 1194 486 1228 537; x_wconf 84' lang='lat' dir='ltr'>de</span> <span class='ocrx_word' id='word_1_37' title='bbox 1247 483 1289 536; x_wconf 83' lang='lat' dir='ltr'>die</span> <span class='ocrx_word' id='word_1_38' title='bbox 1307 488 1356 554; x_wconf 82' lang='lat' dir='ltr'>qni</span> <span class='ocrx_word' id='word_1_39' title='bbox 1377 499 1432 539; x_wconf 87' lang='lat' dir='ltr'>not.</span> <span class='ocrx_word' id='word_1_40' title='bbox 1447 488 1561 557; x_wconf 63' lang='lat' dir='ltr'>uffan:</span> <span class='ocrx_word' id='word_1_41' title='bbox 1582 493 1651 546; x_wconf 90' lang='lat' dir='ltr'>idem</span> <span class='ocrx_word' id='word_1_42' title='bbox 1672 497 1694 548; x_wconf 91' lang='lat' dir='ltr'>si</span> <span class='ocrx_word' id='word_1_43' title='bbox 1714 499 1816 554; x_wconf 86' lang='lat' dir='ltr'>arbiter</span> <span class='ocrx_word' id='word_1_44' title='bbox 1834 502 1868 558; x_wconf 87' lang='lat' dir='ltr'>de</span> 
     </span>
     <span class='ocr_line' id='line_1_4' title="bbox 182 568 1867 651; baseline 0.005 -25"><span class='ocrx_word' id='word_1_45' title='bbox 182 589 293 642; x_wconf 83' lang='lat' dir='ltr'>cumque</span> <span class='ocrx_word' id='word_1_46' title='bbox 311 571 498 625; x_wconf 68' lang='lat' dir='ltr'>certitudinem</span> <span class='ocrx_word' id='word_1_47' title='bbox 521 569 608 622; x_wconf 86' lang='lat' dir='ltr'>delirti</span> <span class='ocrx_word' id='word_1_48' title='bbox 627 569 780 640; x_wconf 80' lang='lat' dir='ltr'>acquisitis,</span> <span class='ocrx_word' id='word_1_49' title='bbox 802 569 914 624; x_wconf 88' lang='lat' dir='ltr'>infamia</span> <span class='ocrx_word' id='word_1_50' title='bbox 936 570 998 624; x_wconf 91' lang='lat' dir='ltr'>inci·</span> <span class='ocrx_word' id='word_1_51' title='bbox 1047 569 1150 622; x_wconf 88' lang='lat' dir='ltr'>actione</span> <span class='ocrx_word' id='word_1_52' title='bbox 1165 568 1267 621; x_wconf 80' lang='lat' dir='ltr'>famosa</span> <span class='ocrx_word' id='word_1_53' title='bbox 1285 569 1448 636; x_wconf 79' lang='lat' dir='ltr'>judicaverit.</span> <span class='ocrx_word' id='word_1_54' title='bbox 1467 571 1502 624; x_wconf 85' lang='lat' dir='ltr'>Et</span> <span class='ocrx_word' id='word_1_55' title='bbox 1526 575 1549 624; x_wconf 88' lang='lat' dir='ltr'>si</span> <span class='ocrx_word' id='word_1_56' title='bbox 1574 580 1704 632; x_wconf 83' lang='lat' dir='ltr'>sementia</span> <span class='ocrx_word' id='word_1_57' title='bbox 1729 580 1867 651; x_wconf 78' lang='lat' dir='ltr'>interlocu-</span> 
     </span>
     <span class='ocr_line' id='line_1_5' title="bbox 181 650 1867 726; baseline 0.004 -17"><span class='ocrx_word' id='word_1_58' title='bbox 181 655 235 726; x_wconf 89' lang='lat' dir='ltr'>pit,</span> <span class='ocrx_word' id='word_1_59' title='bbox 262 671 315 707; x_wconf 89' lang='lat' dir='ltr'>non</span> <span class='ocrx_word' id='word_1_60' title='bbox 343 675 357 708; x_wconf 92' lang='lat' dir='ltr'>a</span> <span class='ocrx_word' id='word_1_61' title='bbox 382 665 524 722; x_wconf 86' lang='lat' dir='ltr'>tempore,</span> <span class='ocrx_word' id='word_1_62' title='bbox 548 669 599 720; x_wconf 89' lang='lat' dir='ltr'>quo</span> <span class='ocrx_word' id='word_1_63' title='bbox 623 651 713 705; x_wconf 89' lang='lat' dir='ltr'>eadem</span> <span class='ocrx_word' id='word_1_64' title='bbox 738 650 838 720; x_wconf 79' lang='lat' dir='ltr'>iudicio</span> <span class='ocrx_word' id='word_1_65' title='bbox 861 653 1000 721; x_wconf 86' lang='lat' dir='ltr'>explorata.</span> <span class='ocrx_word' id='word_1_66' title='bbox 1050 655 1116 708; x_wconf 88' lang='lat' dir='ltr'>toria</span> <span class='ocrx_word' id='word_1_67' title='bbox 1134 655 1288 717; x_wconf 85' lang='lat' dir='ltr'>damnatus,</span> <span class='ocrx_word' id='word_1_68' title='bbox 1308 657 1347 706; x_wconf 91' lang='lat' dir='ltr'>uti</span> <span class='ocrx_word' id='word_1_69' title='bbox 1367 655 1410 708; x_wconf 87' lang='lat' dir='ltr'>dd.</span> <span class='ocrx_word' id='word_1_70' title='bbox 1428 674 1465 709; x_wconf 79' lang='lat' dir='ltr'>ear</span> <span class='ocrx_word' id='word_1_71' title='bbox 1482 659 1500 708; x_wconf 87' lang='lat'>1.</span> <span class='ocrx_word' id='word_1_72' title='bbox 1519 659 1563 710; x_wconf 81' lang='lat'>20.</span> <span class='ocrx_word' id='word_1_73' title='bbox 1582 663 1867 723; x_wconf 68' lang='lat' dir='ltr'>neodcommnniter</span> 
     </span>
     <span class='ocr_line' id='line_1_6' title="bbox 180 737 1867 811; baseline 0.007 -17"><span class='ocrx_word' id='word_1_74' title='bbox 180 742 255 811; x_wconf 86' lang='lat' dir='ltr'>Opus</span> <span class='ocrx_word' id='word_1_75' title='bbox 269 752 354 795; x_wconf 89' lang='lat' dir='ltr'>tameo</span> <span class='ocrx_word' id='word_1_76' title='bbox 367 740 420 792; x_wconf 90' lang='lat' dir='ltr'>erit</span> <span class='ocrx_word' id='word_1_77' title='bbox 438 739 470 790; x_wconf 89' lang='lat' dir='ltr'>ad</span> <span class='ocrx_word' id='word_1_78' title='bbox 484 737 652 792; x_wconf 86' lang='lat' dir='ltr'>eaertendutn</span> <span class='ocrx_word' id='word_1_79' title='bbox 665 739 848 790; x_wconf 70' lang='lat' dir='ltr'>&#39;testamentum</span> <span class='ocrx_word' id='word_1_80' title='bbox 868 739 999 792; x_wconf 90' lang='lat' dir='ltr'>sententia</span> <span class='ocrx_word' id='word_1_81' title='bbox 1049 739 1190 805; x_wconf 79' lang='lat' dir='ltr'>coliigunt:</span> <span class='ocrx_word' id='word_1_82' title='bbox 1208 737 1303 806; x_wconf 88' lang='lat' dir='ltr'>quibus</span> <span class='ocrx_word' id='word_1_83' title='bbox 1322 739 1424 792; x_wconf 85' lang='lat' dir='ltr'>essibus</span> <span class='ocrx_word' id='word_1_84' title='bbox 1438 751 1522 794; x_wconf 82' lang='lat' dir='ltr'>tamen</span> <span class='ocrx_word' id='word_1_85' title='bbox 1532 743 1595 798; x_wconf 91' lang='lat' dir='ltr'>licet</span> <span class='ocrx_word' id='word_1_86' title='bbox 1609 745 1807 804; x_wconf 88' lang='lat' dir='ltr'>manifestatum</span> <span class='ocrx_word' id='word_1_87' title='bbox 1821 752 1867 806; x_wconf 82' lang='lat' dir='ltr'>de-</span> 
     </span>
     <span class='ocr_line' id='line_1_7' title="bbox 182 819 1864 890; baseline 0.005 -12"><span class='ocrx_word' id='word_1_88' title='bbox 182 825 367 886; x_wconf 85' lang='lat' dir='ltr'>declaratoria,</span> <span class='ocrx_word' id='word_1_89' title='bbox 381 823 493 876; x_wconf 85' lang='lat' dir='ltr'>fratrem</span> <span class='ocrx_word' id='word_1_90' title='bbox 511 821 574 872; x_wconf 90' lang='lat' dir='ltr'>dum</span> <span class='ocrx_word' id='word_1_91' title='bbox 592 819 716 872; x_wconf 73' lang='lat' dir='ltr'>conderet</span> <span class='ocrx_word' id='word_1_92' title='bbox 735 829 937 884; x_wconf 88' lang='lat' dir='ltr'>testamentum,</span> <span class='ocrx_word' id='word_1_93' title='bbox 949 839 1000 890; x_wconf 89' lang='lat' dir='ltr'>quo</span> <span class='ocrx_word' id='word_1_94' title='bbox 1048 821 1150 884; x_wconf 91' lang='lat' dir='ltr'>lictum,</span> <span class='ocrx_word' id='word_1_95' title='bbox 1171 821 1332 874; x_wconf 68' lang='lat' dir='ltr'>existimatio</span> <span class='ocrx_word' id='word_1_96' title='bbox 1346 831 1430 875; x_wconf 91' lang='lat' dir='ltr'>tamen</span> <span class='ocrx_word' id='word_1_97' title='bbox 1443 825 1607 882; x_wconf 85' lang='lat' dir='ltr'>rnttdcmnati</span> <span class='ocrx_word' id='word_1_98' title='bbox 1623 847 1675 882; x_wconf 89' lang='lat' dir='ltr'>non</span> <span class='ocrx_word' id='word_1_99' title='bbox 1693 831 1808 886; x_wconf 86' lang='lat' dir='ltr'>laeditur.</span> <span class='ocrx_word' id='word_1_100' title='bbox 1822 851 1864 888; x_wconf 85' lang='lat' dir='ltr'>ra·</span> 
     </span>
     <span class='ocr_line' id='line_1_8' title="bbox 178 904 1863 976; baseline 0.004 -14"><span class='ocrx_word' id='word_1_101' title='bbox 178 908 262 964; x_wconf 87' lang='lat' dir='ltr'>fratri</span> <span class='ocrx_word' id='word_1_102' title='bbox 282 909 395 962; x_wconf 84' lang='lat' dir='ltr'>bonerto</span> <span class='ocrx_word' id='word_1_103' title='bbox 413 905 538 976; x_wconf 87' lang='lat' dir='ltr'>praetulit</span> <span class='ocrx_word' id='word_1_104' title='bbox 552 915 704 958; x_wconf 85' lang='lat' dir='ltr'>extraneum</span> <span class='ocrx_word' id='word_1_105' title='bbox 716 905 888 957; x_wconf 84' lang='lat' dir='ltr'>inhonestum</span> <span class='ocrx_word' id='word_1_106' title='bbox 907 909 999 960; x_wconf 87' lang='lat' dir='ltr'>certis·</span> <span class='ocrx_word' id='word_1_107' title='bbox 1048 905 1143 975; x_wconf 81' lang='lat' dir='ltr'><strong><em>spond.</em></strong></span> <span class='ocrx_word' id='word_1_108' title='bbox 1163 904 1273 973; x_wconf 87' lang='lat' dir='ltr'>Quando</span> <span class='ocrx_word' id='word_1_109' title='bbox 1293 904 1319 955; x_wconf 91' lang='lat' dir='ltr'>id</span> <span class='ocrx_word' id='word_1_110' title='bbox 1337 906 1405 974; x_wconf 91' lang='lat' dir='ltr'>quod</span> <span class='ocrx_word' id='word_1_111' title='bbox 1426 918 1494 959; x_wconf 90' lang='lat' dir='ltr'>recta</span> <span class='ocrx_word' id='word_1_112' title='bbox 1511 925 1556 960; x_wconf 88' lang='lat' dir='ltr'>seu</span> <span class='ocrx_word' id='word_1_113' title='bbox 1576 912 1684 965; x_wconf 87' lang='lat' dir='ltr'>moralis</span> <span class='ocrx_word' id='word_1_114' title='bbox 1702 914 1770 968; x_wconf 90' lang='lat' dir='ltr'>ratio</span> <span class='ocrx_word' id='word_1_115' title='bbox 1784 916 1863 969; x_wconf 89' lang='lat' dir='ltr'>dicti·</span> 
     </span>
     <span class='ocr_line' id='line_1_9' title="bbox 181 986 1863 1070; baseline 0.004 -24"><span class='ocrx_word' id='word_1_116' title='bbox 181 993 261 1046; x_wconf 89' lang='lat' dir='ltr'>simis</span> <span class='ocrx_word' id='word_1_117' title='bbox 275 991 436 1060; x_wconf 77' lang='lat' dir='ltr'>argumentis</span> <span class='ocrx_word' id='word_1_118' title='bbox 450 989 597 1059; x_wconf 84' lang='lat' dir='ltr'>percepisse</span> <span class='ocrx_word' id='word_1_119' title='bbox 615 987 799 1040; x_wconf 87' lang='lat' dir='ltr'>certitudinem</span> <span class='ocrx_word' id='word_1_120' title='bbox 813 986 1000 1058; x_wconf 87' lang='lat' dir='ltr'>delicti,qund</span> <span class='ocrx_word' id='word_1_121' title='bbox 1052 1000 1088 1043; x_wconf 85' lang='lat' dir='ltr'>tat</span> <span class='ocrx_word' id='word_1_122' title='bbox 1106 1008 1119 1041; x_wconf 95' lang='lat' dir='ltr'>a</span> <span class='ocrx_word' id='word_1_123' title='bbox 1137 993 1191 1058; x_wconf 87' lang='lat' dir='ltr'>jore</span> <span class='ocrx_word' id='word_1_124' title='bbox 1214 989 1286 1040; x_wconf 85' lang='lat' dir='ltr'>cirili</span> <span class='ocrx_word' id='word_1_125' title='bbox 1307 1000 1455 1057; x_wconf 89' lang='lat' dir='ltr'>receptum,</span> <span class='ocrx_word' id='word_1_126' title='bbox 1482 991 1509 1043; x_wconf 91' lang='lat' dir='ltr'>iu</span> <span class='ocrx_word' id='word_1_127' title='bbox 1534 993 1691 1062; x_wconf 89' lang='lat' dir='ltr'>quibusdam</span> <span class='ocrx_word' id='word_1_128' title='bbox 1719 1000 1863 1070; x_wconf 88' lang='lat' dir='ltr'>exemplis,</span> 
     </span>
     <span class='ocr_line' id='line_1_10' title="bbox 183 1071 1862 1148; baseline 0.006 -22"><span class='ocrx_word' id='word_1_129' title='bbox 183 1073 320 1130; x_wconf 86' lang='lat' dir='ltr'>commisit</span> <span class='ocrx_word' id='word_1_130' title='bbox 337 1071 541 1143; x_wconf 81' lang='lat' dir='ltr'>praeferendus,</span> <span class='ocrx_word' id='word_1_131' title='bbox 560 1071 639 1140; x_wconf 90' lang='lat' dir='ltr'>idque</span> <span class='ocrx_word' id='word_1_132' title='bbox 655 1073 789 1124; x_wconf 87' lang='lat' dir='ltr'>confessus</span> <span class='ocrx_word' id='word_1_133' title='bbox 807 1081 924 1141; x_wconf 86' lang='lat' dir='ltr'>tempore</span> <span class='ocrx_word' id='word_1_134' title='bbox 935 1089 997 1125; x_wconf 88' lang='lat' dir='ltr'>ron·</span> <span class='ocrx_word' id='word_1_135' title='bbox 1048 1075 1110 1126; x_wconf 88' lang='lat' dir='ltr'>licet</span> <span class='ocrx_word' id='word_1_136' title='bbox 1129 1074 1158 1125; x_wconf 90' lang='lat' dir='ltr'>in</span> <span class='ocrx_word' id='word_1_137' title='bbox 1176 1073 1236 1125; x_wconf 80' lang='lat' dir='ltr'>aliis</span> <span class='ocrx_word' id='word_1_138' title='bbox 1254 1072 1359 1124; x_wconf 87' lang='lat' dir='ltr'>casibus</span> <span class='ocrx_word' id='word_1_139' title='bbox 1375 1076 1525 1141; x_wconf 83' lang='lat' dir='ltr'>expressis,</span> <span class='ocrx_word' id='word_1_140' title='bbox 1552 1077 1601 1130; x_wconf 88' lang='lat' dir='ltr'>ista</span> <span class='ocrx_word' id='word_1_141' title='bbox 1628 1081 1720 1133; x_wconf 85' lang='lat' dir='ltr'>morali</span> <span class='ocrx_word' id='word_1_142' title='bbox 1740 1083 1862 1148; x_wconf 83' lang='lat' dir='ltr'>ratione,</span> 
     </span>
     <span class='ocr_line' id='line_1_11' title="bbox 185 1153 1864 1229; baseline 0.005 -17"><span class='ocrx_word' id='word_1_143' title='bbox 185 1159 237 1212; x_wconf 87' lang='lat' dir='ltr'>diti</span> <span class='ocrx_word' id='word_1_144' title='bbox 258 1155 418 1212; x_wconf 70' lang='lat' dir='ltr'>testamenti.</span> <span class='ocrx_word' id='word_1_145' title='bbox 437 1155 504 1208; x_wconf 83' lang='lat' dir='ltr'>Nam</span> <span class='ocrx_word' id='word_1_146' title='bbox 523 1155 585 1207; x_wconf 87' lang='lat' dir='ltr'>licet</span> <span class='ocrx_word' id='word_1_147' title='bbox 605 1156 633 1206; x_wconf 90' lang='lat' dir='ltr'>in</span> <span class='ocrx_word' id='word_1_148' title='bbox 654 1153 773 1223; x_wconf 76' lang='lat' dir='ltr'>sequenti</span> <span class='ocrx_word' id='word_1_149' title='bbox 793 1163 911 1224; x_wconf 87' lang='lat' dir='ltr'>tempore</span> <span class='ocrx_word' id='word_1_150' title='bbox 927 1155 999 1208; x_wconf 90' lang='lat' dir='ltr'>dete·</span> <span class='ocrx_word' id='word_1_151' title='bbox 1049 1176 1100 1210; x_wconf 89' lang='lat' dir='ltr'>non</span> <span class='ocrx_word' id='word_1_152' title='bbox 1115 1157 1195 1210; x_wconf 90' lang='lat' dir='ltr'>fuerit</span> <span class='ocrx_word' id='word_1_153' title='bbox 1209 1167 1305 1208; x_wconf 89' lang='lat' dir='ltr'>motum</span> <span class='ocrx_word' id='word_1_154' title='bbox 1316 1177 1323 1220; x_wconf 70' lang='grc' dir='ltr'>ς</span> <span class='ocrx_word' id='word_1_155' title='bbox 1336 1166 1451 1208; x_wconf 80' lang='lat' dir='ltr'>ettamen</span> <span class='ocrx_word' id='word_1_156' title='bbox 1466 1159 1493 1209; x_wconf 92' lang='lat' dir='ltr'>itt</span> <span class='ocrx_word' id='word_1_157' title='bbox 1508 1159 1617 1229; x_wconf 88' lang='lat' dir='ltr'>reliquis</span> <span class='ocrx_word' id='word_1_158' title='bbox 1630 1163 1751 1216; x_wconf 87' lang='lat' dir='ltr'>standum</span> <span class='ocrx_word' id='word_1_159' title='bbox 1763 1165 1864 1220; x_wconf 88' lang='lat' dir='ltr'>ratione</span> 
     </span>
     <span class='ocr_line' id='line_1_12' title="bbox 182 1237 1862 1317; baseline -0.003 -21"><span class='ocrx_word' id='word_1_160' title='bbox 182 1253 276 1308; x_wconf 72' lang='lat' dir='ltr'>mum,</span> <span class='ocrx_word' id='word_1_161' title='bbox 305 1240 449 1313; x_wconf 87' lang='lat' dir='ltr'>praelatum</span> <span class='ocrx_word' id='word_1_162' title='bbox 476 1239 553 1291; x_wconf 88' lang='lat' dir='ltr'>talem</span> <span class='ocrx_word' id='word_1_163' title='bbox 580 1248 698 1309; x_wconf 87' lang='lat' dir='ltr'>tempore</span> <span class='ocrx_word' id='word_1_164' title='bbox 720 1238 820 1290; x_wconf 90' lang='lat' dir='ltr'>conditi</span> <span class='ocrx_word' id='word_1_165' title='bbox 851 1237 998 1292; x_wconf 90' lang='lat' dir='ltr'>testamenti</span> <span class='ocrx_word' id='word_1_166' title='bbox 1048 1243 1093 1295; x_wconf 90' lang='lat' dir='ltr'>isti</span> <span class='ocrx_word' id='word_1_167' title='bbox 1114 1241 1206 1295; x_wconf 89' lang='lat' dir='ltr'>morali</span> <span class='ocrx_word' id='word_1_168' title='bbox 1225 1258 1305 1309; x_wconf 87' lang='lat' dir='ltr'>eaque</span> <span class='ocrx_word' id='word_1_169' title='bbox 1326 1257 1373 1307; x_wconf 86' lang='lat' dir='ltr'>pro</span> <span class='ocrx_word' id='word_1_170' title='bbox 1391 1243 1478 1307; x_wconf 74' lang='lat' dir='ltr'>regula</span> <span class='ocrx_word' id='word_1_171' title='bbox 1497 1242 1630 1307; x_wconf 84' lang='lat' dir='ltr'>habenda,</span> <span class='ocrx_word' id='word_1_172' title='bbox 1648 1263 1862 1317; x_wconf 66' lang='lat' dir='ltr'>casusqnen..</span> 
     </span>
     <span class='ocr_line' id='line_1_13' title="bbox 182 1320 1864 1400; baseline 0.004 -20"><span class='ocrx_word' id='word_1_173' title='bbox 182 1327 281 1392; x_wconf 90' lang='lat' dir='ltr'>fuisse,</span> <span class='ocrx_word' id='word_1_174' title='bbox 298 1325 344 1396; x_wconf 91' lang='lat' dir='ltr'>qui</span> <span class='ocrx_word' id='word_1_175' title='bbox 364 1342 417 1377; x_wconf 91' lang='lat' dir='ltr'>nou</span> <span class='ocrx_word' id='word_1_176' title='bbox 442 1333 586 1386; x_wconf 85' lang='lat' dir='ltr'>meruerat,</span> <span class='ocrx_word' id='word_1_177' title='bbox 608 1333 637 1376; x_wconf 90' lang='lat' dir='ltr'>ut</span> <span class='ocrx_word' id='word_1_178' title='bbox 660 1320 850 1393; x_wconf 85' lang='lat' dir='ltr'>praeferretur,</span> <span class='ocrx_word' id='word_1_179' title='bbox 869 1321 893 1373; x_wconf 91' lang='lat' dir='ltr'>si</span> <span class='ocrx_word' id='word_1_180' title='bbox 913 1331 998 1376; x_wconf 87' lang='lat' dir='ltr'>tamen</span> <span class='ocrx_word' id='word_1_181' title='bbox 1050 1328 1187 1380; x_wconf 88' lang='lat' dir='ltr'>tinaeista</span> <span class='ocrx_word' id='word_1_182' title='bbox 1207 1325 1347 1376; x_wconf 78' lang='lat' dir='ltr'>universali</span> <span class='ocrx_word' id='word_1_183' title='bbox 1374 1323 1553 1390; x_wconf 70' lang='lat' dir='ltr'>deflet-tentes,</span> <span class='ocrx_word' id='word_1_184' title='bbox 1585 1343 1633 1395; x_wconf 88' lang='lat' dir='ltr'>pro</span> <span class='ocrx_word' id='word_1_185' title='bbox 1658 1330 1864 1400; x_wconf 75' lang='lat' dir='ltr'>exceptionibus.</span> 
     </span>
     <span class='ocr_line' id='line_1_14' title="bbox 183 1406 1864 1483; baseline -0.001 -19"><span class='ocrx_word' id='word_1_186' title='bbox 183 1413 312 1483; x_wconf 81' lang='lat' dir='ltr'>probetur</span> <span class='ocrx_word' id='word_1_187' title='bbox 331 1417 481 1462; x_wconf 89' lang='lat' dir='ltr'>testatorem</span> <span class='ocrx_word' id='word_1_188' title='bbox 501 1407 529 1458; x_wconf 91' lang='lat' dir='ltr'>id</span> <span class='ocrx_word' id='word_1_189' title='bbox 548 1406 999 1478; x_wconf 73' lang='lat' dir='ltr'>nescivisse,exsequitate(quam</span> <span class='ocrx_word' id='word_1_190' title='bbox 1048 1414 1079 1464; x_wconf 91' lang='lat' dir='ltr'>ln</span> <span class='ocrx_word' id='word_1_191' title='bbox 1099 1411 1206 1463; x_wconf 88' lang='lat' dir='ltr'>materia</span> <span class='ocrx_word' id='word_1_192' title='bbox 1225 1407 1381 1477; x_wconf 81' lang='lat' dir='ltr'>infligendae</span> <span class='ocrx_word' id='word_1_193' title='bbox 1400 1407 1524 1460; x_wconf 77' lang='lat' dir='ltr'>infamiae</span> <span class='ocrx_word' id='word_1_194' title='bbox 1544 1409 1613 1461; x_wconf 86' lang='lat' dir='ltr'>idem</span> <span class='ocrx_word' id='word_1_195' title='bbox 1632 1411 1773 1480; x_wconf 78' lang='lat' dir='ltr'>contingit.</span> <span class='ocrx_word' id='word_1_196' title='bbox 1809 1416 1864 1468; x_wconf 76' lang='lat' dir='ltr'>Rs·</span> 
     </span>
     <span class='ocr_line' id='line_1_15' title="bbox 141 1489 1864 1568; baseline -0.001 -17"><span class='ocrx_word' id='word_1_197' title='bbox 141 1489 146 1501; x_wconf 62' lang='lat'><strong>¹</strong></span> <span class='ocrx_word' id='word_1_198' title='bbox 185 1496 339 1568; x_wconf 83' lang='lat' dir='ltr'>supradixi</span> <span class='ocrx_word' id='word_1_199' title='bbox 357 1493 459 1564; x_wconf 69' lang='lat' dir='ltr'>iegibus</span> <span class='ocrx_word' id='word_1_200' title='bbox 487 1492 662 1562; x_wconf 71' lang='lat' dir='ltr'>improbatam</span> <span class='ocrx_word' id='word_1_201' title='bbox 689 1493 866 1545; x_wconf 86' lang='lat' dir='ltr'>mettontlum</span> <span class='ocrx_word' id='word_1_202' title='bbox 886 1492 998 1563; x_wconf 72' lang='lat' dir='ltr'>legisse)</span> <span class='ocrx_word' id='word_1_203' title='bbox 1047 1498 1145 1550; x_wconf 90' lang='lat' dir='ltr'>tionem</span> <span class='ocrx_word' id='word_1_204' title='bbox 1167 1494 1267 1546; x_wconf 89' lang='lat' dir='ltr'>dictare</span> <span class='ocrx_word' id='word_1_205' title='bbox 1285 1493 1374 1546; x_wconf 90' lang='lat' dir='ltr'>statim</span> <span class='ocrx_word' id='word_1_206' title='bbox 1395 1513 1408 1544; x_wconf 92' lang='lat' dir='ltr'>a</span> <span class='ocrx_word' id='word_1_207' title='bbox 1429 1491 1864 1550; x_wconf 86' lang='lat' dir='ltr'>manifestationeanimiscelerati</span> 
     </span>
     <span class='ocr_line' id='line_1_16' title="bbox 185 1574 1863 1647; baseline 0 -16"><span class='ocrx_word' id='word_1_208' title='bbox 185 1578 271 1632; x_wconf 87' lang='lat' dir='ltr'>salida</span> <span class='ocrx_word' id='word_1_209' title='bbox 289 1579 342 1632; x_wconf 91' lang='lat' dir='ltr'>erit</span> <span class='ocrx_word' id='word_1_210' title='bbox 361 1575 500 1647; x_wconf 86' lang='lat' dir='ltr'>praelatio.</span> <span class='ocrx_word' id='word_1_211' title='bbox 520 1575 571 1629; x_wconf 77' lang='lat' dir='ltr'>Sed</span> <span class='ocrx_word' id='word_1_212' title='bbox 594 1574 659 1646; x_wconf 88' lang='lat' dir='ltr'>quid</span> <span class='ocrx_word' id='word_1_213' title='bbox 681 1576 709 1626; x_wconf 84' lang='lat' dir='ltr'>si</span> <span class='ocrx_word' id='word_1_214' title='bbox 735 1575 892 1646; x_wconf 89' lang='lat' dir='ltr'>deliuquens</span> <span class='ocrx_word' id='word_1_215' title='bbox 912 1576 998 1628; x_wconf 88' lang='lat' dir='ltr'>taliter</span> <span class='ocrx_word' id='word_1_216' title='bbox 1047 1577 1170 1631; x_wconf 90' lang='lat' dir='ltr'>infamiae</span> <span class='ocrx_word' id='word_1_217' title='bbox 1186 1588 1271 1630; x_wconf 88' lang='lat' dir='ltr'>ortum</span> <span class='ocrx_word' id='word_1_218' title='bbox 1294 1576 1517 1646; x_wconf 87' lang='lat' dir='ltr'>permittendum,</span> <span class='ocrx_word' id='word_1_219' title='bbox 1545 1593 1621 1647; x_wconf 89' lang='lat' dir='ltr'>supra</span> <span class='ocrx_word' id='word_1_220' title='bbox 1640 1595 1698 1630; x_wconf 80' lang='lat' dir='ltr'>curn</span> <span class='ocrx_word' id='word_1_221' title='bbox 1718 1576 1863 1644; x_wconf 82' lang='lat' dir='ltr'>traderem,</span> 
     </span>
     <span class='ocr_line' id='line_1_17' title="bbox 179 1657 1864 1735; baseline -0.001 -21"><span class='ocrx_word' id='word_1_222' title='bbox 179 1664 341 1718; x_wconf 87' lang='lat' dir='ltr'>manifestus</span> <span class='ocrx_word' id='word_1_223' title='bbox 357 1661 473 1714; x_wconf 80' lang='lat' dir='ltr'>sistendo</span> <span class='ocrx_word' id='word_1_224' title='bbox 485 1669 634 1712; x_wconf 81' lang='lat' dir='ltr'>testatorem</span> <span class='ocrx_word' id='word_1_225' title='bbox 645 1659 775 1730; x_wconf 89' lang='lat' dir='ltr'>aliosque,</span> <span class='ocrx_word' id='word_1_226' title='bbox 789 1659 884 1728; x_wconf 90' lang='lat' dir='ltr'>quibus</span> <span class='ocrx_word' id='word_1_227' title='bbox 896 1660 998 1714; x_wconf 87' lang='lat' dir='ltr'>facinus</span> <span class='ocrx_word' id='word_1_228' title='bbox 1047 1663 1173 1715; x_wconf 88' lang='lat' dir='ltr'>rationem</span> <span class='ocrx_word' id='word_1_229' title='bbox 1194 1661 1297 1728; x_wconf 82' lang='lat' dir='ltr'>regulae</span> <span class='ocrx_word' id='word_1_230' title='bbox 1315 1657 1433 1727; x_wconf 83' lang='lat' dir='ltr'>probari.</span> <span class='ocrx_word' id='word_1_231' title='bbox 1452 1659 1576 1729; x_wconf 80' lang='lat' dir='ltr'>Exempla</span> <span class='ocrx_word' id='word_1_232' title='bbox 1596 1679 1696 1730; x_wconf 90' lang='lat' dir='ltr'>quoqne</span> <span class='ocrx_word' id='word_1_233' title='bbox 1708 1661 1724 1712; x_wconf 90' lang='lat' dir='ltr'>l.</span> <span class='ocrx_word' id='word_1_234' title='bbox 1741 1660 1765 1712; x_wconf 88' lang='lat' dir='ltr'>l.</span> <span class='ocrx_word' id='word_1_235' title='bbox 1780 1663 1864 1735; x_wconf 66' lang='lat' dir='ltr'>§.fian</span> 
     </span>
     <span class='ocr_line' id='line_1_18' title="bbox 183 1741 1865 1816; baseline -0.005 -13"><span class='ocrx_word' id='word_1_236' title='bbox 183 1747 336 1811; x_wconf 83' lang='lat' dir='ltr'>cunfessus,</span> <span class='ocrx_word' id='word_1_237' title='bbox 347 1755 432 1798; x_wconf 87' lang='lat' dir='ltr'>murts</span> <span class='ocrx_word' id='word_1_238' title='bbox 449 1754 492 1796; x_wconf 90' lang='lat' dir='ltr'>aut</span> <span class='ocrx_word' id='word_1_239' title='bbox 511 1745 562 1795; x_wconf 87' lang='lat' dir='ltr'>alia</span> <span class='ocrx_word' id='word_1_240' title='bbox 579 1745 681 1797; x_wconf 87' lang='lat' dir='ltr'>ratione</span> <span class='ocrx_word' id='word_1_241' title='bbox 692 1761 743 1796; x_wconf 86' lang='lat' dir='ltr'>saon</span> <span class='ocrx_word' id='word_1_242' title='bbox 754 1747 867 1814; x_wconf 89' lang='lat' dir='ltr'>amplius</span> <span class='ocrx_word' id='word_1_243' title='bbox 887 1745 997 1814; x_wconf 81' lang='lat' dir='ltr'>produci</span> <span class='ocrx_word' id='word_1_244' title='bbox 1036 1745 1077 1814; x_wconf 80' lang='lat' dir='ltr'>ff.</span> <span class='ocrx_word' id='word_1_245' title='bbox 1092 1745 1125 1798; x_wconf 87' lang='lat' dir='ltr'>de</span> <span class='ocrx_word' id='word_1_246' title='bbox 1137 1747 1178 1797; x_wconf 83' lang='lat' dir='ltr'>bis</span> <span class='ocrx_word' id='word_1_247' title='bbox 1190 1743 1236 1813; x_wconf 82' lang='lat' dir='ltr'>qui</span> <span class='ocrx_word' id='word_1_248' title='bbox 1247 1753 1301 1795; x_wconf 86' lang='lat' dir='ltr'>not.</span> <span class='ocrx_word' id='word_1_249' title='bbox 1315 1741 1413 1812; x_wconf 85' lang='lat' dir='ltr'>insum.</span> <span class='ocrx_word' id='word_1_250' title='bbox 1426 1753 1451 1795; x_wconf 87' lang='lat' dir='ltr'>et</span> <span class='ocrx_word' id='word_1_251' title='bbox 1463 1743 1482 1794; x_wconf 85' lang='lat' dir='ltr'>f.</span> <span class='ocrx_word' id='word_1_252' title='bbox 1495 1742 1536 1796; x_wconf 81' lang='lat' dir='ltr'>te.</span> <span class='ocrx_word' id='word_1_253' title='bbox 1553 1752 1574 1804; x_wconf 77' lang='lat'>§-</span> <span class='ocrx_word' id='word_1_254' title='bbox 1583 1763 1646 1816; x_wconf 81' lang='lat' dir='ltr'>pen.</span> <span class='ocrx_word' id='word_1_255' title='bbox 1662 1746 1816 1816; x_wconf 78' lang='lat' dir='ltr'>praebuere3</span> <span class='ocrx_word' id='word_1_256' title='bbox 1831 1749 1865 1800; x_wconf 84' lang='lat' dir='ltr'>li.</span> 
     </span>
     <span class='ocr_line' id='line_1_19' title="bbox 185 1827 1863 1904; baseline 0 -19"><span class='ocrx_word' id='word_1_257' title='bbox 185 1831 311 1904; x_wconf 86' lang='lat' dir='ltr'>possein</span> <span class='ocrx_word' id='word_1_258' title='bbox 331 1829 667 1898; x_wconf 81' lang='lat' dir='ltr'>judicio,qunsententia</span> <span class='ocrx_word' id='word_1_259' title='bbox 693 1829 861 1881; x_wconf 86' lang='lat' dir='ltr'>declaratoria</span> <span class='ocrx_word' id='word_1_260' title='bbox 882 1835 994 1900; x_wconf 87' lang='lat' dir='ltr'>paranda</span> <span class='ocrx_word' id='word_1_261' title='bbox 1045 1839 1086 1883; x_wconf 87' lang='lat' dir='ltr'>cet</span> <span class='ocrx_word' id='word_1_262' title='bbox 1106 1831 1191 1898; x_wconf 84' lang='lat' dir='ltr'>itaque</span> <span class='ocrx_word' id='word_1_263' title='bbox 1206 1829 1263 1898; x_wconf 85' lang='lat' dir='ltr'>jura</span> <span class='ocrx_word' id='word_1_264' title='bbox 1282 1827 1452 1895; x_wconf 89' lang='lat' dir='ltr'>quorumdam</span> <span class='ocrx_word' id='word_1_265' title='bbox 1468 1831 1733 1884; x_wconf 86' lang='lat' dir='ltr'>casuumadoutrina</span> <span class='ocrx_word' id='word_1_266' title='bbox 1747 1831 1797 1885; x_wconf 85' lang='lat' dir='ltr'>ista</span> <span class='ocrx_word' id='word_1_267' title='bbox 1809 1833 1863 1886; x_wconf 90' lang='lat' dir='ltr'>dis·</span> 
     </span>
     <span class='ocr_line' id='line_1_20' title="bbox 178 1911 1868 1984; baseline 0.001 -16"><span class='ocrx_word' id='word_1_268' title='bbox 178 1915 286 1972; x_wconf 86' lang='lat' dir='ltr'>facinus</span> <span class='ocrx_word' id='word_1_269' title='bbox 304 1911 459 1968; x_wconf 79' lang='lat' dir='ltr'>inficietur?</span> <span class='ocrx_word' id='word_1_270' title='bbox 481 1915 510 1968; x_wconf 85' lang='lat' dir='ltr'>Si</span> <span class='ocrx_word' id='word_1_271' title='bbox 531 1914 582 1967; x_wconf 88' lang='lat' dir='ltr'>alia</span> <span class='ocrx_word' id='word_1_272' title='bbox 600 1912 690 1968; x_wconf 78' lang='lat' dir='ltr'>adsint</span> <span class='ocrx_word' id='word_1_273' title='bbox 709 1916 869 1980; x_wconf 85' lang='lat' dir='ltr'>testimonia,</span> <span class='ocrx_word' id='word_1_274' title='bbox 888 1917 997 1969; x_wconf 90' lang='lat' dir='ltr'>illisdi-</span> <span class='ocrx_word' id='word_1_275' title='bbox 1046 1917 1172 1978; x_wconf 89' lang='lat' dir='ltr'>sentiant,</span> <span class='ocrx_word' id='word_1_276' title='bbox 1192 1914 1221 1964; x_wconf 89' lang='lat' dir='ltr'>in</span> <span class='ocrx_word' id='word_1_277' title='bbox 1244 1913 1347 1964; x_wconf 74' lang='lat' dir='ltr'>casium</span> <span class='ocrx_word' id='word_1_278' title='bbox 1373 1929 1426 1964; x_wconf 90' lang='lat' dir='ltr'>non</span> <span class='ocrx_word' id='word_1_279' title='bbox 1455 1915 1572 1984; x_wconf 87' lang='lat' dir='ltr'>exceptis</span> <span class='ocrx_word' id='word_1_280' title='bbox 1595 1915 1697 1983; x_wconf 81' lang='lat' dir='ltr'>regulae</span> <span class='ocrx_word' id='word_1_281' title='bbox 1723 1913 1868 1982; x_wconf 81' lang='lat' dir='ltr'>standum,</span> 
     </span>
     <span class='ocr_line' id='line_1_21' title="bbox 179 1995 1858 2071; baseline 0 -19"><span class='ocrx_word' id='word_1_282' title='bbox 179 1998 331 2071; x_wconf 65' lang='lat' dir='ltr'>iudicandis</span> <span class='ocrx_word' id='word_1_283' title='bbox 348 1999 475 2069; x_wconf 86' lang='lat' dir='ltr'>judicium</span> <span class='ocrx_word' id='word_1_284' title='bbox 494 1997 657 2062; x_wconf 78' lang='lat' dir='ltr'>versabitur,</span> <span class='ocrx_word' id='word_1_285' title='bbox 671 1999 845 2068; x_wconf 88' lang='lat' dir='ltr'>producetque</span> <span class='ocrx_word' id='word_1_286' title='bbox 860 2000 923 2050; x_wconf 90' lang='lat' dir='ltr'>iilud</span> <span class='ocrx_word' id='word_1_287' title='bbox 937 2017 996 2052; x_wconf 89' lang='lat' dir='ltr'>sen·</span> <span class='ocrx_word' id='word_1_288' title='bbox 1046 2015 1155 2068; x_wconf 88' lang='lat' dir='ltr'>nempe,</span> <span class='ocrx_word' id='word_1_289' title='bbox 1180 1997 1338 2064; x_wconf 88' lang='lat' dir='ltr'>ubicumque</span> <span class='ocrx_word' id='word_1_290' title='bbox 1356 1995 1483 2049; x_wconf 89' lang='lat' dir='ltr'>delictum</span> <span class='ocrx_word' id='word_1_291' title='bbox 1501 2008 1574 2051; x_wconf 88' lang='lat' dir='ltr'>certo</span> <span class='ocrx_word' id='word_1_292' title='bbox 1591 1998 1752 2064; x_wconf 79' lang='lat' dir='ltr'>innotescit,</span> <span class='ocrx_word' id='word_1_293' title='bbox 1771 2003 1858 2056; x_wconf 83' lang='lat' dir='ltr'>statim</span> 
     </span>
     <span class='ocr_line' id='line_1_22' title="bbox 184 2079 1864 2150; baseline -0.002 -10"><span class='ocrx_word' id='word_1_294' title='bbox 184 2086 297 2140; x_wconf 74' lang='lat' dir='ltr'>tentiam</span> <span class='ocrx_word' id='word_1_295' title='bbox 316 2082 596 2150; x_wconf 74' lang='lat' dir='ltr'>-ttactaraturtam,se‹t</span> <span class='ocrx_word' id='word_1_296' title='bbox 615 2083 637 2134; x_wconf 91' lang='lat' dir='ltr'>si</span> <span class='ocrx_word' id='word_1_297' title='bbox 656 2083 706 2134; x_wconf 93' lang='lat' dir='ltr'>alia</span> <span class='ocrx_word' id='word_1_298' title='bbox 726 2081 995 2150; x_wconf 87' lang='lat' dir='ltr'>desintiodioia,in-</span> <span class='ocrx_word' id='word_1_299' title='bbox 1043 2079 1271 2142; x_wconf 87' lang='lat' dir='ltr'>oritnrinfantin,</span> <span class='ocrx_word' id='word_1_300' title='bbox 1290 2094 1338 2131; x_wconf 87' lang='lat' dir='ltr'>saec</span> <span class='ocrx_word' id='word_1_301' title='bbox 1357 2097 1423 2148; x_wconf 89' lang='lat' dir='ltr'>opus</span> <span class='ocrx_word' id='word_1_302' title='bbox 1443 2081 1571 2134; x_wconf 87' lang='lat' dir='ltr'>sententia</span> <span class='ocrx_word' id='word_1_303' title='bbox 1598 2081 1726 2148; x_wconf 80' lang='lat' dir='ltr'>judiciali·</span> <span class='ocrx_word' id='word_1_304' title='bbox 1757 2084 1864 2138; x_wconf 82' lang='lat' dir='ltr'>Funda-</span> 
     </span>
     <span class='ocr_line' id='line_1_23' title="bbox 177 2163 1864 2242; baseline -0.001 -20"><span class='ocrx_word' id='word_1_305' title='bbox 177 2167 317 2224; x_wconf 84' lang='lat' dir='ltr'>-iiciatioue</span> <span class='ocrx_word' id='word_1_306' title='bbox 335 2169 383 2220; x_wconf 92' lang='lat' dir='ltr'>ista</span> <span class='ocrx_word' id='word_1_307' title='bbox 402 2171 549 2224; x_wconf 82' lang='lat' dir='ltr'>cottanitum</span> <span class='ocrx_word' id='word_1_308' title='bbox 568 2167 617 2222; x_wconf 89' lang='lat' dir='ltr'>erit</span> <span class='ocrx_word' id='word_1_309' title='bbox 634 2168 806 2239; x_wconf 78' lang='lat' dir='ltr'>delinquenti.</span> <span class='ocrx_word' id='word_1_310' title='bbox 825 2169 864 2223; x_wconf 86' lang='lat' dir='ltr'>Ex</span> <span class='ocrx_word' id='word_1_311' title='bbox 882 2189 933 2240; x_wconf 90' lang='lat' dir='ltr'>quo</span> <span class='ocrx_word' id='word_1_312' title='bbox 952 2191 995 2242; x_wconf 88' lang='lat' dir='ltr'>ap·</span> <span class='ocrx_word' id='word_1_313' title='bbox 1046 2179 1162 2219; x_wconf 88' lang='lat' dir='ltr'>mentum</span> <span class='ocrx_word' id='word_1_314' title='bbox 1189 2186 1249 2220; x_wconf 83' lang='lat' dir='ltr'>cero</span> <span class='ocrx_word' id='word_1_315' title='bbox 1269 2163 1366 2234; x_wconf 90' lang='lat' dir='ltr'>prioris</span> <span class='ocrx_word' id='word_1_316' title='bbox 1386 2167 1488 2234; x_wconf 82' lang='lat' dir='ltr'>regulae</span> <span class='ocrx_word' id='word_1_317' title='bbox 1513 2166 1636 2218; x_wconf 85' lang='lat' dir='ltr'>consistit</span> <span class='ocrx_word' id='word_1_318' title='bbox 1660 2167 1688 2219; x_wconf 92' lang='lat' dir='ltr'>in</span> <span class='ocrx_word' id='word_1_319' title='bbox 1715 2168 1777 2231; x_wconf 88' lang='lat' dir='ltr'>ltoc,</span> <span class='ocrx_word' id='word_1_320' title='bbox 1796 2169 1864 2239; x_wconf 88' lang='lat' dir='ltr'>quod</span> 
     </span>
    </p>
   </div>
   <div class='ocr_carea' id='block_1_3' title="bbox 177 2251 996 4747">
    <p class='ocr_par' dir='ltr' id='par_1_3' title="bbox 179 2251 995 2492">
     <span class='ocr_line' id='line_1_24' title="bbox 179 2251 993 2328; baseline 0 -22"><span class='ocrx_word' id='word_1_321' title='bbox 179 2265 251 2324; x_wconf 88' lang='lat' dir='ltr'>paret</span> <span class='ocrx_word' id='word_1_322' title='bbox 262 2251 485 2306; x_wconf 87' lang='lat' dir='ltr'>manifestationis</span> <span class='ocrx_word' id='word_1_323' title='bbox 499 2265 545 2323; x_wconf 88' lang='lat' dir='ltr'>per</span> <span class='ocrx_word' id='word_1_324' title='bbox 557 2251 714 2306; x_wconf 88' lang='lat' dir='ltr'>sententiam</span> <span class='ocrx_word' id='word_1_325' title='bbox 729 2254 895 2322; x_wconf 87' lang='lat' dir='ltr'>praestantia.</span> <span class='ocrx_word' id='word_1_326' title='bbox 910 2257 993 2328; x_wconf 84' lang='lat' dir='ltr'>Quip-</span> 
     </span>
     <span class='ocr_line' id='line_1_25' title="bbox 179 2337 995 2412; baseline 0.004 -20"><span class='ocrx_word' id='word_1_327' title='bbox 179 2357 213 2408; x_wconf 85' lang='lat' dir='ltr'>pe</span> <span class='ocrx_word' id='word_1_328' title='bbox 236 2355 302 2407; x_wconf 89' lang='lat' dir='ltr'>quae</span> <span class='ocrx_word' id='word_1_329' title='bbox 328 2337 454 2406; x_wconf 70' lang='lat' dir='ltr'>abnegari</span> <span class='ocrx_word' id='word_1_330' title='bbox 482 2345 571 2407; x_wconf 87' lang='lat' dir='ltr'>postea</span> <span class='ocrx_word' id='word_1_331' title='bbox 593 2352 647 2389; x_wconf 91' lang='lat' dir='ltr'>non</span> <span class='ocrx_word' id='word_1_332' title='bbox 675 2345 778 2406; x_wconf 89' lang='lat' dir='ltr'>potest,</span> <span class='ocrx_word' id='word_1_333' title='bbox 796 2339 866 2394; x_wconf 85' lang='lat' dir='ltr'>salto</span> <span class='ocrx_word' id='word_1_334' title='bbox 891 2357 995 2412; x_wconf 86' lang='lat' dir='ltr'>semper</span> 
     </span>
     <span class='ocr_line' id='line_1_26' title="bbox 179 2423 329 2492; baseline 0.007 -20"><span class='ocrx_word' id='word_1_335' title='bbox 179 2423 329 2492; x_wconf 88' lang='lat' dir='ltr'>protocollo.</span> 
     </span>
    </p>

    <p class='ocr_par' dir='ltr' id='par_1_4' title="bbox 177 2503 996 4747">
     <span class='ocr_line' id='line_1_27' title="bbox 218 2503 996 2580; baseline 0.01 -25"><span class='ocrx_word' id='word_1_336' title='bbox 218 2503 349 2558; x_wconf 83' lang='lat' dir='ltr'>Esincnnt</span> <span class='ocrx_word' id='word_1_337' title='bbox 367 2503 419 2557; x_wconf 90' lang='lat' dir='ltr'>dno</span> <span class='ocrx_word' id='word_1_338' title='bbox 436 2503 486 2559; x_wconf 88' lang='lat' dir='ltr'>ista</span> <span class='ocrx_word' id='word_1_339' title='bbox 504 2505 627 2575; x_wconf 85' lang='lat' dir='ltr'>exempla</span> <span class='ocrx_word' id='word_1_340' title='bbox 644 2521 693 2558; x_wconf 90' lang='lat' dir='ltr'>nee</span> <span class='ocrx_word' id='word_1_341' title='bbox 704 2523 757 2559; x_wconf 91' lang='lat' dir='ltr'>non</span> <span class='ocrx_word' id='word_1_342' title='bbox 771 2506 864 2561; x_wconf 86' lang='lat' dir='ltr'>tradita</span> <span class='ocrx_word' id='word_1_343' title='bbox 875 2509 996 2580; x_wconf 86' lang='lat' dir='ltr'>superior</span> 
     </span>
     <span class='ocr_line' id='line_1_28' title="bbox 177 2587 993 2661; baseline 0.002 -19"><span class='ocrx_word' id='word_1_344' title='bbox 177 2589 255 2655; x_wconf 79' lang='lat' dir='ltr'>catto,</span> <span class='ocrx_word' id='word_1_345' title='bbox 270 2587 397 2642; x_wconf 89' lang='lat' dir='ltr'>infamiae</span> <span class='ocrx_word' id='word_1_346' title='bbox 413 2589 573 2659; x_wconf 74' lang='lat' dir='ltr'>infligendas</span> <span class='ocrx_word' id='word_1_347' title='bbox 590 2590 760 2643; x_wconf 84' lang='lat' dir='ltr'>substantiale</span> <span class='ocrx_word' id='word_1_348' title='bbox 771 2592 929 2661; x_wconf 89' lang='lat' dir='ltr'>requisitum</span> <span class='ocrx_word' id='word_1_349' title='bbox 942 2609 993 2646; x_wconf 90' lang='lat' dir='ltr'>non</span> 
     </span>
     <span class='ocr_line' id='line_1_29' title="bbox 179 2673 993 2746; baseline 0.005 -22"><span class='ocrx_word' id='word_1_350' title='bbox 179 2687 238 2726; x_wconf 87' lang='lat' dir='ltr'>esse</span> <span class='ocrx_word' id='word_1_351' title='bbox 255 2673 421 2736; x_wconf 64' lang='lat' dir='ltr'>sententiosas</span> <span class='ocrx_word' id='word_1_352' title='bbox 440 2689 510 2724; x_wconf 89' lang='lat' dir='ltr'>nunc</span> <span class='ocrx_word' id='word_1_353' title='bbox 519 2675 613 2742; x_wconf 87' lang='lat' dir='ltr'>quanti</span> <span class='ocrx_word' id='word_1_354' title='bbox 626 2675 723 2728; x_wconf 86' lang='lat' dir='ltr'>satoris</span> <span class='ocrx_word' id='word_1_355' title='bbox 735 2677 879 2730; x_wconf 88' lang='lat' dir='ltr'>contrariae</span> <span class='ocrx_word' id='word_1_356' title='bbox 890 2677 993 2746; x_wconf 89' lang='lat' dir='ltr'>opinio·</span> 
     </span>
     <span class='ocr_line' id='line_1_30' title="bbox 183 2756 994 2826; baseline 0.004 -18"><span class='ocrx_word' id='word_1_357' title='bbox 183 2756 227 2809; x_wconf 86' lang='lat' dir='ltr'>nis</span> <span class='ocrx_word' id='word_1_358' title='bbox 246 2757 301 2810; x_wconf 91' lang='lat' dir='ltr'>sint</span> <span class='ocrx_word' id='word_1_359' title='bbox 318 2765 492 2826; x_wconf 72' lang='lat' dir='ltr'>argumenta,</span> <span class='ocrx_word' id='word_1_360' title='bbox 510 2757 692 2826; x_wconf 80' lang='lat' dir='ltr'>dispiciemus.</span> <span class='ocrx_word' id='word_1_361' title='bbox 710 2758 808 2812; x_wconf 86' lang='lat' dir='ltr'>Omnes</span> <span class='ocrx_word' id='word_1_362' title='bbox 828 2761 909 2814; x_wconf 84' lang='lat' dir='ltr'>morit</span> <span class='ocrx_word' id='word_1_363' title='bbox 921 2761 940 2811; x_wconf 89' lang='lat'>1.</span> <span class='ocrx_word' id='word_1_364' title='bbox 953 2759 994 2812; x_wconf 86' lang='lat' dir='ltr'>in·</span> 
     </span>
     <span class='ocr_line' id='line_1_31' title="bbox 179 2841 993 2916; baseline 0.002 -22"><span class='ocrx_word' id='word_1_365' title='bbox 179 2841 297 2910; x_wconf 83' lang='lat' dir='ltr'>famem.</span> <span class='ocrx_word' id='word_1_366' title='bbox 315 2844 341 2896; x_wconf 80' lang='lat' dir='ltr'>t.</span> <span class='ocrx_word' id='word_1_367' title='bbox 350 2841 391 2910; x_wconf 79' lang='lat' dir='ltr'>ff.</span> <span class='ocrx_word' id='word_1_368' title='bbox 408 2843 443 2895; x_wconf 82' lang='lat' dir='ltr'>de</span> <span class='ocrx_word' id='word_1_369' title='bbox 459 2843 574 2913; x_wconf 81' lang='lat' dir='ltr'>publicis</span> <span class='ocrx_word' id='word_1_370' title='bbox 583 2843 673 2916; x_wconf 83' lang='lat' dir='ltr'>judic.</span> <span class='ocrx_word' id='word_1_371' title='bbox 691 2841 737 2895; x_wconf 90' lang='lat' dir='ltr'>ubi</span> <span class='ocrx_word' id='word_1_372' title='bbox 757 2843 888 2906; x_wconf 89' lang='lat' dir='ltr'>statuitur,</span> <span class='ocrx_word' id='word_1_373' title='bbox 903 2861 993 2912; x_wconf 87' lang='lat' dir='ltr'>quem·</span> 
     </span>
     <span class='ocr_line' id='line_1_32' title="bbox 181 2923 995 2994; baseline 0 -16"><span class='ocrx_word' id='word_1_374' title='bbox 181 2924 249 2978; x_wconf 90' lang='lat' dir='ltr'>libet</span> <span class='ocrx_word' id='word_1_375' title='bbox 267 2925 368 2993; x_wconf 85' lang='lat' dir='ltr'>iudicio</span> <span class='ocrx_word' id='word_1_376' title='bbox 383 2924 491 2994; x_wconf 89' lang='lat' dir='ltr'>publico</span> <span class='ocrx_word' id='word_1_377' title='bbox 509 2925 659 2980; x_wconf 82' lang='lat' dir='ltr'>damnarunt</span> <span class='ocrx_word' id='word_1_378' title='bbox 677 2925 806 2979; x_wconf 88' lang='lat' dir='ltr'>infamem</span> <span class='ocrx_word' id='word_1_379' title='bbox 831 2923 915 2977; x_wconf 86' lang='lat' dir='ltr'>facere</span> <span class='ocrx_word' id='word_1_380' title='bbox 939 2941 995 2978; x_wconf 91' lang='lat' dir='ltr'>seo·</span> 
     </span>
     <span class='ocr_line' id='line_1_33' title="bbox 180 3005 993 3077; baseline -0.004 -17"><span class='ocrx_word' id='word_1_381' title='bbox 180 3006 302 3061; x_wconf 82' lang='lat' dir='ltr'>tentiam.</span> <span class='ocrx_word' id='word_1_382' title='bbox 321 3005 466 3076; x_wconf 74' lang='lat' dir='ltr'>Eidemque</span> <span class='ocrx_word' id='word_1_383' title='bbox 485 3005 529 3058; x_wconf 84' lang='lat' dir='ltr'>dd·</span> <span class='ocrx_word' id='word_1_384' title='bbox 548 3009 630 3075; x_wconf 89' lang='lat' dir='ltr'>majus</span> <span class='ocrx_word' id='word_1_385' title='bbox 648 3007 882 3075; x_wconf 73' lang='lat' dir='ltr'>adiungerernbur</span> <span class='ocrx_word' id='word_1_386' title='bbox 895 3007 993 3077; x_wconf 86' lang='lat' dir='ltr'>potuis-</span> 
     </span>
     <span class='ocr_line' id='line_1_34' title="bbox 179 3089 995 3159; baseline 0.006 -17"><span class='ocrx_word' id='word_1_387' title='bbox 179 3099 238 3142; x_wconf 85' lang='lat' dir='ltr'>sent</span> <span class='ocrx_word' id='word_1_388' title='bbox 257 3089 276 3140; x_wconf 88' lang='lat' dir='ltr'>f.</span> <span class='ocrx_word' id='word_1_389' title='bbox 295 3089 338 3142; x_wconf 73' lang='lat' dir='ltr'>tu</span> <span class='ocrx_word' id='word_1_390' title='bbox 356 3095 379 3152; x_wconf 74' lang='lat' dir='ltr'>t.</span> <span class='ocrx_word' id='word_1_391' title='bbox 397 3107 459 3155; x_wconf 78' lang='lat' dir='ltr'>pen.</span> <span class='ocrx_word' id='word_1_392' title='bbox 468 3089 511 3157; x_wconf 78' lang='lat' dir='ltr'>ff.</span> <span class='ocrx_word' id='word_1_393' title='bbox 526 3091 560 3143; x_wconf 83' lang='lat' dir='ltr'>de</span> <span class='ocrx_word' id='word_1_394' title='bbox 576 3090 630 3144; x_wconf 85' lang='lat' dir='ltr'>ritu</span> <span class='ocrx_word' id='word_1_395' title='bbox 649 3091 770 3159; x_wconf 76' lang='lat' dir='ltr'>nuptiur.</span> <span class='ocrx_word' id='word_1_396' title='bbox 787 3091 832 3144; x_wconf 93' lang='lat' dir='ltr'>nbi</span> <span class='ocrx_word' id='word_1_397' title='bbox 851 3091 947 3145; x_wconf 87' lang='lat' dir='ltr'>mulier</span> <span class='ocrx_word' id='word_1_398' title='bbox 966 3094 995 3148; x_wconf 91' lang='lat' dir='ltr'>in</span> 
     </span>
     <span class='ocr_line' id='line_1_35' title="bbox 179 3171 993 3244; baseline 0.002 -16"><span class='ocrx_word' id='word_1_399' title='bbox 179 3171 306 3228; x_wconf 83' lang='lat' dir='ltr'>adulterio</span> <span class='ocrx_word' id='word_1_400' title='bbox 324 3172 512 3244; x_wconf 84' lang='lat' dir='ltr'>comprehensa</span> <span class='ocrx_word' id='word_1_401' title='bbox 529 3184 558 3228; x_wconf 90' lang='lat' dir='ltr'>et</span> <span class='ocrx_word' id='word_1_402' title='bbox 575 3185 635 3244; x_wconf 84' lang='lat' dir='ltr'>post</span> <span class='ocrx_word' id='word_1_403' title='bbox 652 3176 773 3228; x_wconf 87' lang='lat' dir='ltr'>damnata</span> <span class='ocrx_word' id='word_1_404' title='bbox 791 3175 934 3243; x_wconf 87' lang='lat' dir='ltr'>dupliciter</span> <span class='ocrx_word' id='word_1_405' title='bbox 953 3175 993 3230; x_wconf 91' lang='lat' dir='ltr'>iu·</span> 
     </span>
     <span class='ocr_line' id='line_1_36' title="bbox 177 3257 994 3328; baseline 0 -18"><span class='ocrx_word' id='word_1_406' title='bbox 177 3257 259 3310; x_wconf 83' lang='lat' dir='ltr'>famis</span> <span class='ocrx_word' id='word_1_407' title='bbox 272 3274 329 3310; x_wconf 88' lang='lat' dir='ltr'>esse</span> <span class='ocrx_word' id='word_1_408' title='bbox 342 3258 460 3324; x_wconf 86' lang='lat' dir='ltr'>dicitur,</span> <span class='ocrx_word' id='word_1_409' title='bbox 478 3258 546 3328; x_wconf 88' lang='lat' dir='ltr'>qnod</span> <span class='ocrx_word' id='word_1_410' title='bbox 564 3259 769 3328; x_wconf 84' lang='lat' dir='ltr'>comprehensa,</span> <span class='ocrx_word' id='word_1_411' title='bbox 782 3268 808 3310; x_wconf 92' lang='lat' dir='ltr'>et</span> <span class='ocrx_word' id='word_1_412' title='bbox 820 3257 915 3312; x_wconf 87' lang='lat' dir='ltr'>deinde</span> <span class='ocrx_word' id='word_1_413' title='bbox 926 3259 994 3328; x_wconf 91' lang='lat' dir='ltr'>quod</span> 
     </span>
     <span class='ocr_line' id='line_1_37' title="bbox 178 3339 993 3413; baseline 0.004 -19"><span class='ocrx_word' id='word_1_414' title='bbox 178 3339 285 3410; x_wconf 84' lang='lat' dir='ltr'>publico</span> <span class='ocrx_word' id='word_1_415' title='bbox 301 3341 403 3408; x_wconf 88' lang='lat' dir='ltr'>indicio</span> <span class='ocrx_word' id='word_1_416' title='bbox 415 3341 592 3396; x_wconf 77' lang='lat' dir='ltr'>condemnata·</span> <span class='ocrx_word' id='word_1_417' title='bbox 606 3341 643 3394; x_wconf 83' lang='lat' dir='ltr'>Ex</span> <span class='ocrx_word' id='word_1_418' title='bbox 657 3361 724 3413; x_wconf 83' lang='lat' dir='ltr'>qno,</span> <span class='ocrx_word' id='word_1_419' title='bbox 738 3343 777 3395; x_wconf 92' lang='lat' dir='ltr'>uti</span> <span class='ocrx_word' id='word_1_420' title='bbox 790 3347 842 3412; x_wconf 88' lang='lat' dir='ltr'>jam</span> <span class='ocrx_word' id='word_1_421' title='bbox 856 3345 925 3398; x_wconf 78' lang='lat' dir='ltr'>circa</span> <span class='ocrx_word' id='word_1_422' title='bbox 940 3347 993 3398; x_wconf 90' lang='lat' dir='ltr'>ini·</span> 
     </span>
     <span class='ocr_line' id='line_1_38' title="bbox 181 3422 994 3497; baseline 0.005 -21"><span class='ocrx_word' id='word_1_423' title='bbox 181 3423 269 3487; x_wconf 88' lang='lat' dir='ltr'>tium,</span> <span class='ocrx_word' id='word_1_424' title='bbox 286 3422 332 3476; x_wconf 89' lang='lat' dir='ltr'>ubi</span> <span class='ocrx_word' id='word_1_425' title='bbox 351 3425 482 3477; x_wconf 85' lang='lat' dir='ltr'>rationem</span> <span class='ocrx_word' id='word_1_426' title='bbox 500 3424 633 3478; x_wconf 83' lang='lat' dir='ltr'>tradebam</span> <span class='ocrx_word' id='word_1_427' title='bbox 652 3427 770 3494; x_wconf 81' lang='lat' dir='ltr'>regulae,</span> <span class='ocrx_word' id='word_1_428' title='bbox 789 3427 934 3491; x_wconf 86' lang='lat' dir='ltr'>monitum,</span> <span class='ocrx_word' id='word_1_429' title='bbox 949 3444 994 3497; x_wconf 90' lang='lat' dir='ltr'>pa·</span> 
     </span>
     <span class='ocr_line' id='line_1_39' title="bbox 180 3503 993 3580; baseline 0.007 -22"><span class='ocrx_word' id='word_1_430' title='bbox 180 3507 270 3572; x_wconf 85' lang='lat' dir='ltr'>tescit,</span> <span class='ocrx_word' id='word_1_431' title='bbox 288 3503 425 3558; x_wconf 84' lang='lat' dir='ltr'>infamiam</span> <span class='ocrx_word' id='word_1_432' title='bbox 443 3505 564 3562; x_wconf 80' lang='lat' dir='ltr'>effectum</span> <span class='ocrx_word' id='word_1_433' title='bbox 582 3525 638 3562; x_wconf 90' lang='lat' dir='ltr'>esse</span> <span class='ocrx_word' id='word_1_434' title='bbox 657 3509 801 3562; x_wconf 88' lang='lat' dir='ltr'>sententiae</span> <span class='ocrx_word' id='word_1_435' title='bbox 813 3510 908 3578; x_wconf 86' lang='lat' dir='ltr'>publici</span> <span class='ocrx_word' id='word_1_436' title='bbox 923 3513 993 3580; x_wconf 84' lang='lat' dir='ltr'>judi-</span> 
     </span>
     <span class='ocr_line' id='line_1_40' title="bbox 180 3589 993 3660; baseline 0.004 -17"><span class='ocrx_word' id='word_1_437' title='bbox 180 3589 232 3656; x_wconf 87' lang='lat' dir='ltr'>cii,</span> <span class='ocrx_word' id='word_1_438' title='bbox 251 3608 300 3660; x_wconf 88' lang='lat' dir='ltr'>qna</span> <span class='ocrx_word' id='word_1_439' title='bbox 321 3591 395 3656; x_wconf 92' lang='lat' dir='ltr'>talis,</span> <span class='ocrx_word' id='word_1_440' title='bbox 416 3609 467 3644; x_wconf 90' lang='lat' dir='ltr'>non</span> <span class='ocrx_word' id='word_1_441' title='bbox 486 3609 537 3660; x_wconf 91' lang='lat' dir='ltr'>qua</span> <span class='ocrx_word' id='word_1_442' title='bbox 557 3591 737 3646; x_wconf 88' lang='lat' dir='ltr'>manifestatio</span> <span class='ocrx_word' id='word_1_443' title='bbox 750 3593 832 3646; x_wconf 87' lang='lat' dir='ltr'>animi</span> <span class='ocrx_word' id='word_1_444' title='bbox 845 3593 993 3649; x_wconf 78' lang='lat' dir='ltr'>facinorosi.</span> 
     </span>
     <span class='ocr_line' id='line_1_41' title="bbox 181 3673 994 3746; baseline 0.006 -20"><span class='ocrx_word' id='word_1_445' title='bbox 181 3673 249 3728; x_wconf 73' lang='lat' dir='ltr'>liam</span> <span class='ocrx_word' id='word_1_446' title='bbox 266 3683 294 3728; x_wconf 84' lang='lat' dir='ltr'>at</span> <span class='ocrx_word' id='word_1_447' title='bbox 312 3683 375 3728; x_wconf 90' lang='lat' dir='ltr'>aute</span> <span class='ocrx_word' id='word_1_448' title='bbox 392 3675 467 3738; x_wconf 87' lang='lat' dir='ltr'>dixi,</span> <span class='ocrx_word' id='word_1_449' title='bbox 486 3675 611 3729; x_wconf 88' lang='lat' dir='ltr'>delictum</span> <span class='ocrx_word' id='word_1_450' title='bbox 631 3676 660 3730; x_wconf 87' lang='lat' dir='ltr'>in</span> <span class='ocrx_word' id='word_1_451' title='bbox 679 3677 704 3727; x_wconf 87' lang='lat' dir='ltr'>d.</span> <span class='ocrx_word' id='word_1_452' title='bbox 723 3677 741 3726; x_wconf 86' lang='lat' dir='ltr'>l.</span> <span class='ocrx_word' id='word_1_453' title='bbox 761 3675 804 3728; x_wconf 73' lang='grc'>13.</span> <span class='ocrx_word' id='word_1_454' title='bbox 822 3693 870 3746; x_wconf 84' lang='lat' dir='ltr'>per</span> <span class='ocrx_word' id='word_1_455' title='bbox 888 3689 994 3732; x_wconf 88' lang='lat' dir='ltr'>senten·</span> 
     </span>
     <span class='ocr_line' id='line_1_42' title="bbox 182 3755 995 3826; baseline 0.006 -19"><span class='ocrx_word' id='word_1_456' title='bbox 182 3757 245 3808; x_wconf 86' lang='lat' dir='ltr'>tiam</span> <span class='ocrx_word' id='word_1_457' title='bbox 264 3773 317 3810; x_wconf 82' lang='lat' dir='ltr'>uca</span> <span class='ocrx_word' id='word_1_458' title='bbox 336 3755 533 3810; x_wconf 85' lang='lat' dir='ltr'>manifestatum</span> <span class='ocrx_word' id='word_1_459' title='bbox 552 3756 651 3821; x_wconf 89' lang='lat' dir='ltr'>fuerat,</span> <span class='ocrx_word' id='word_1_460' title='bbox 669 3773 728 3808; x_wconf 88' lang='lat' dir='ltr'>cum</span> <span class='ocrx_word' id='word_1_461' title='bbox 755 3757 924 3810; x_wconf 84' lang='lat' dir='ltr'>manifestum</span> <span class='ocrx_word' id='word_1_462' title='bbox 944 3761 995 3826; x_wconf 82' lang='lat' dir='ltr'>jam</span> 
     </span>
     <span class='ocr_line' id='line_1_43' title="bbox 181 3839 995 3910; baseline 0.002 -18"><span class='ocrx_word' id='word_1_463' title='bbox 181 3839 275 3894; x_wconf 87' lang='lat' dir='ltr'>farsum</span> <span class='ocrx_word' id='word_1_464' title='bbox 297 3857 344 3908; x_wconf 88' lang='lat' dir='ltr'>per</span> <span class='ocrx_word' id='word_1_465' title='bbox 362 3839 610 3910; x_wconf 87' lang='lat' dir='ltr'>deprehensionem.</span> <span class='ocrx_word' id='word_1_466' title='bbox 629 3841 765 3894; x_wconf 78' lang='lat' dir='ltr'>rumitant</span> <span class='ocrx_word' id='word_1_467' title='bbox 791 3842 860 3894; x_wconf 90' lang='lat' dir='ltr'>nulla</span> <span class='ocrx_word' id='word_1_468' title='bbox 885 3843 995 3895; x_wconf 88' lang='lat' dir='ltr'>manife-</span> 
     </span>
     <span class='ocr_line' id='line_1_44' title="bbox 186 3923 996 3994; baseline 0.001 -17"><span class='ocrx_word' id='word_1_469' title='bbox 186 3923 272 3977; x_wconf 85' lang='lat' dir='ltr'>statio.</span> <span class='ocrx_word' id='word_1_470' title='bbox 289 3925 422 3978; x_wconf 77' lang='lat' dir='ltr'>Caeterum</span> <span class='ocrx_word' id='word_1_471' title='bbox 441 3924 538 3976; x_wconf 89' lang='lat' dir='ltr'>nullam</span> <span class='ocrx_word' id='word_1_472' title='bbox 559 3923 688 3976; x_wconf 82' lang='lat' dir='ltr'>rationem</span> <span class='ocrx_word' id='word_1_473' title='bbox 707 3942 754 3992; x_wconf 80' lang='lat' dir='ltr'>ego</span> <span class='ocrx_word' id='word_1_474' title='bbox 777 3925 911 3994; x_wconf 86' lang='lat' dir='ltr'>prospicio</span> <span class='ocrx_word' id='word_1_475' title='bbox 918 3960 927 3988; x_wconf 91' lang='lat'>,</span> <span class='ocrx_word' id='word_1_476' title='bbox 949 3943 996 3978; x_wconf 90' lang='lat' dir='ltr'>cnr</span> 
     </span>
     <span class='ocr_line' id='line_1_45' title="bbox 183 4005 995 4079; baseline 0 -19"><span class='ocrx_word' id='word_1_477' title='bbox 183 4008 274 4074; x_wconf 83' lang='lat' dir='ltr'>judicii</span> <span class='ocrx_word' id='word_1_478' title='bbox 294 4009 393 4079; x_wconf 84' lang='lat' dir='ltr'>publici</span> <span class='ocrx_word' id='word_1_479' title='bbox 411 4006 521 4058; x_wconf 82' lang='lat' dir='ltr'>eli&#39;ecttn</span> <span class='ocrx_word' id='word_1_480' title='bbox 540 4007 575 4060; x_wconf 84' lang='lat' dir='ltr'>sit</span> <span class='ocrx_word' id='word_1_481' title='bbox 592 4005 717 4073; x_wconf 88' lang='lat' dir='ltr'>iufamia,</span> <span class='ocrx_word' id='word_1_482' title='bbox 737 4021 870 4076; x_wconf 86' lang='lat' dir='ltr'>postquam</span> <span class='ocrx_word' id='word_1_483' title='bbox 889 4017 995 4078; x_wconf 88' lang='lat' dir='ltr'>apparet</span> 
     </span>
     <span class='ocr_line' id='line_1_46' title="bbox 181 4089 993 4146; baseline -0.002 0"><span class='ocrx_word' id='word_1_484' title='bbox 181 4111 218 4146; x_wconf 81' lang='lat' dir='ltr'>ae</span> <span class='ocrx_word' id='word_1_485' title='bbox 241 4093 266 4146; x_wconf 84' lang='lat' dir='ltr'>d.</span> <span class='ocrx_word' id='word_1_486' title='bbox 291 4094 309 4145; x_wconf 87' lang='lat' dir='ltr'>i.</span> <span class='ocrx_word' id='word_1_487' title='bbox 335 4093 379 4144; x_wconf 76' lang='grc'>13.</span> <span class='ocrx_word' id='word_1_488' title='bbox 397 4109 449 4145; x_wconf 88' lang='lat' dir='ltr'>non</span> <span class='ocrx_word' id='word_1_489' title='bbox 468 4091 495 4142; x_wconf 92' lang='lat' dir='ltr'>id</span> <span class='ocrx_word' id='word_1_490' title='bbox 514 4089 619 4144; x_wconf 78' lang='lat' dir='ltr'>evenire</span> <span class='ocrx_word' id='word_1_491' title='bbox 637 4090 672 4142; x_wconf 89' lang='lat' dir='ltr'>ob</span> <span class='ocrx_word' id='word_1_492' title='bbox 693 4091 931 4144; x_wconf 76' lang='lat' dir='ltr'>manifestationem</span> <span class='ocrx_word' id='word_1_493' title='bbox 950 4094 993 4144; x_wconf 84' lang='lat' dir='ltr'>de·</span> 
     </span>
     <span class='ocr_line' id='line_1_47' title="bbox 181 4175 995 4250; baseline 0 -18"><span class='ocrx_word' id='word_1_494' title='bbox 181 4181 255 4244; x_wconf 88' lang='lat' dir='ltr'>lictl,</span> <span class='ocrx_word' id='word_1_495' title='bbox 273 4196 350 4250; x_wconf 86' lang='lat' dir='ltr'>qnam</span> <span class='ocrx_word' id='word_1_496' title='bbox 369 4177 436 4248; x_wconf 92' lang='lat' dir='ltr'>qnod</span> <span class='ocrx_word' id='word_1_497' title='bbox 456 4177 595 4230; x_wconf 84' lang='lat' dir='ltr'>subtilitas</span> <span class='ocrx_word' id='word_1_498' title='bbox 612 4176 648 4228; x_wconf 89' lang='lat' dir='ltr'>sit</span> <span class='ocrx_word' id='word_1_499' title='bbox 664 4175 791 4244; x_wconf 85' lang='lat' dir='ltr'>quaedam</span> <span class='ocrx_word' id='word_1_500' title='bbox 809 4193 924 4230; x_wconf 87' lang='lat' dir='ltr'>romana.</span> <span class='ocrx_word' id='word_1_501' title='bbox 943 4183 995 4232; x_wconf 86' lang='lat' dir='ltr'>Ve-</span> 
     </span>
     <span class='ocr_line' id='line_1_48' title="bbox 178 4259 994 4332; baseline -0.004 -14"><span class='ocrx_word' id='word_1_502' title='bbox 178 4282 239 4320; x_wconf 82' lang='lat' dir='ltr'>ram</span> <span class='ocrx_word' id='word_1_503' title='bbox 257 4267 289 4316; x_wconf 82' lang='lat' dir='ltr'>acl</span> <span class='ocrx_word' id='word_1_504' title='bbox 308 4265 333 4315; x_wconf 82' lang='lat' dir='ltr'>d.</span> <span class='ocrx_word' id='word_1_505' title='bbox 353 4263 371 4315; x_wconf 88' lang='lat' dir='ltr'>i.</span> <span class='ocrx_word' id='word_1_506' title='bbox 388 4263 414 4313; x_wconf 80' lang='grc'>’1.</span> <span class='ocrx_word' id='word_1_507' title='bbox 424 4259 466 4329; x_wconf 79' lang='lat' dir='ltr'>ff.</span> <span class='ocrx_word' id='word_1_508' title='bbox 484 4263 509 4312; x_wconf 90' lang='lat' dir='ltr'>d.</span> <span class='ocrx_word' id='word_1_509' title='bbox 526 4259 640 4332; x_wconf 82' lang='lat' dir='ltr'>publicis</span> <span class='ocrx_word' id='word_1_510' title='bbox 650 4259 768 4331; x_wconf 80' lang='lat' dir='ltr'>judiciis</span> <span class='ocrx_word' id='word_1_511' title='bbox 787 4277 833 4312; x_wconf 84' lang='lat' dir='ltr'>nec</span> <span class='ocrx_word' id='word_1_512' title='bbox 854 4279 906 4312; x_wconf 90' lang='lat' dir='ltr'>uon</span> <span class='ocrx_word' id='word_1_513' title='bbox 921 4263 958 4315; x_wconf 82' lang='lat' dir='ltr'>nd</span> <span class='ocrx_word' id='word_1_514' title='bbox 970 4263 994 4315; x_wconf 87' lang='lat' dir='ltr'>d.</span> 
     </span>
     <span class='ocr_line' id='line_1_49' title="bbox 180 4343 996 4412; baseline 0.002 -14"><span class='ocrx_word' id='word_1_515' title='bbox 180 4350 198 4400; x_wconf 89' lang='lat' dir='ltr'>l.</span> <span class='ocrx_word' id='word_1_516' title='bbox 210 4347 252 4399; x_wconf 74' lang='grc'>13.</span> <span class='ocrx_word' id='word_1_517' title='bbox 269 4349 293 4412; x_wconf 61' lang='lat' dir='ltr'>t</span> <span class='ocrx_word' id='word_1_518' title='bbox 311 4361 374 4412; x_wconf 83' lang='lat' dir='ltr'>pen.</span> <span class='ocrx_word' id='word_1_519' title='bbox 398 4343 629 4406; x_wconf 60' lang='lat' dir='ltr'>respondeamus</span> <span class='ocrx_word' id='word_1_520' title='bbox 647 4343 749 4396; x_wconf 88' lang='lat' dir='ltr'>obstare</span> <span class='ocrx_word' id='word_1_521' title='bbox 776 4345 934 4398; x_wconf 88' lang='lat' dir='ltr'>sententiam</span> <span class='ocrx_word' id='word_1_522' title='bbox 954 4365 996 4400; x_wconf 89' lang='lat' dir='ltr'>ea·</span> 
     </span>
     <span class='ocr_line' id='line_1_50' title="bbox 181 4427 995 4500; baseline 0 -18"><span class='ocrx_word' id='word_1_523' title='bbox 181 4429 299 4482; x_wconf 83' lang='lat' dir='ltr'>mmdem</span> <span class='ocrx_word' id='word_1_524' title='bbox 316 4427 437 4496; x_wconf 84' lang='lat' dir='ltr'>opinioni</span> <span class='ocrx_word' id='word_1_525' title='bbox 455 4438 575 4490; x_wconf 82' lang='lat' dir='ltr'>nostrae,</span> <span class='ocrx_word' id='word_1_526' title='bbox 604 4445 654 4498; x_wconf 89' lang='lat' dir='ltr'>qua</span> <span class='ocrx_word' id='word_1_527' title='bbox 679 4428 832 4492; x_wconf 81' lang='lat' dir='ltr'>statuimus,</span> <span class='ocrx_word' id='word_1_528' title='bbox 855 4445 908 4480; x_wconf 89' lang='lat' dir='ltr'>non</span> <span class='ocrx_word' id='word_1_529' title='bbox 929 4447 995 4500; x_wconf 91' lang='lat' dir='ltr'>opus</span> 
     </span>
     <span class='ocr_line' id='line_1_51' title="bbox 181 4511 995 4581; baseline -0.004 -13"><span class='ocrx_word' id='word_1_530' title='bbox 181 4532 237 4568; x_wconf 89' lang='lat' dir='ltr'>esse</span> <span class='ocrx_word' id='word_1_531' title='bbox 255 4513 286 4564; x_wconf 86' lang='lat' dir='ltr'>aci</span> <span class='ocrx_word' id='word_1_532' title='bbox 306 4511 431 4564; x_wconf 84' lang='lat' dir='ltr'>infamiae</span> <span class='ocrx_word' id='word_1_533' title='bbox 448 4511 625 4581; x_wconf 84' lang='lat' dir='ltr'>primordium</span> <span class='ocrx_word' id='word_1_534' title='bbox 643 4513 791 4574; x_wconf 84' lang='lat' dir='ltr'>sententia,</span> <span class='ocrx_word' id='word_1_535' title='bbox 809 4511 830 4562; x_wconf 91' lang='lat' dir='ltr'>ai</span> <span class='ocrx_word' id='word_1_536' title='bbox 849 4512 913 4564; x_wconf 90' lang='lat' dir='ltr'>alias</span> <span class='ocrx_word' id='word_1_537' title='bbox 938 4531 995 4565; x_wconf 87' lang='lat' dir='ltr'>con-</span> 
     </span>
     <span class='ocr_line' id='line_1_52' title="bbox 181 4591 996 4663; baseline -0.005 -11"><span class='ocrx_word' id='word_1_538' title='bbox 181 4611 228 4655; x_wconf 83' lang='lat' dir='ltr'>stat</span> <span class='ocrx_word' id='word_1_539' title='bbox 244 4598 277 4651; x_wconf 90' lang='lat' dir='ltr'>de</span> <span class='ocrx_word' id='word_1_540' title='bbox 295 4597 399 4649; x_wconf 88' lang='lat' dir='ltr'>delicto.</span> <span class='ocrx_word' id='word_1_541' title='bbox 418 4595 476 4646; x_wconf 85' lang='lat' dir='ltr'>Non</span> <span class='ocrx_word' id='word_1_542' title='bbox 494 4593 568 4647; x_wconf 91' lang='lat' dir='ltr'>enim</span> <span class='ocrx_word' id='word_1_543' title='bbox 587 4591 721 4646; x_wconf 75' lang='lat' dir='ltr'>inficiatus</span> <span class='ocrx_word' id='word_1_544' title='bbox 746 4609 804 4645; x_wconf 88' lang='lat' dir='ltr'>sura</span> <span class='ocrx_word' id='word_1_545' title='bbox 833 4595 938 4662; x_wconf 86' lang='lat' dir='ltr'>publico</span> <span class='ocrx_word' id='word_1_546' title='bbox 955 4599 996 4663; x_wconf 87' lang='lat' dir='ltr'>ju-</span> 
     </span>
     <span class='ocr_line' id='line_1_53' title="bbox 182 4673 994 4747; baseline -0.01 -9"><span class='ocrx_word' id='word_1_547' title='bbox 182 4683 266 4747; x_wconf 87' lang='lat' dir='ltr'>dicio,</span> <span class='ocrx_word' id='word_1_548' title='bbox 287 4682 359 4736; x_wconf 79' lang='lat' dir='ltr'>illam</span> <span class='ocrx_word' id='word_1_549' title='bbox 379 4676 516 4730; x_wconf 87' lang='lat' dir='ltr'>infamiam</span> <span class='ocrx_word' id='word_1_550' title='bbox 541 4693 598 4730; x_wconf 88' lang='lat' dir='ltr'>esse</span> <span class='ocrx_word' id='word_1_551' title='bbox 623 4673 775 4742; x_wconf 68' lang='lat' dir='ltr'>efficacem</span> <span class='ocrx_word' id='word_1_552' title='bbox 794 4676 838 4730; x_wconf 87' lang='lat' dir='ltr'>sed</span> <span class='ocrx_word' id='word_1_553' title='bbox 857 4677 913 4728; x_wconf 80' lang='lat' dir='ltr'>diri</span> <span class='ocrx_word' id='word_1_554' title='bbox 940 4697 994 4730; x_wconf 83' lang='lat' dir='ltr'>mn-</span> 
     </span>
    </p>
   </div>
   <div class='ocr_carea' id='block_1_4' title="bbox 1041 2245 1865 4750">
    <p class='ocr_par' dir='ltr' id='par_1_5' title="bbox 1041 2245 1865 4750">
     <span class='ocr_line' id='line_1_54' title="bbox 1045 2245 1861 2318; baseline 0 -17"><span class='ocrx_word' id='word_1_555' title='bbox 1045 2247 1207 2302; x_wconf 87' lang='lat' dir='ltr'>rationabilis</span> <span class='ocrx_word' id='word_1_556' title='bbox 1227 2245 1318 2300; x_wconf 89' lang='lat' dir='ltr'>multis</span> <span class='ocrx_word' id='word_1_557' title='bbox 1336 2247 1479 2318; x_wconf 89' lang='lat' dir='ltr'>exemplis,</span> <span class='ocrx_word' id='word_1_558' title='bbox 1500 2249 1559 2299; x_wconf 91' lang='lat' dir='ltr'>talis</span> <span class='ocrx_word' id='word_1_559' title='bbox 1579 2248 1689 2300; x_wconf 89' lang='lat' dir='ltr'>habetur</span> <span class='ocrx_word' id='word_1_560' title='bbox 1704 2249 1732 2301; x_wconf 93' lang='lat' dir='ltr'>in</span> <span class='ocrx_word' id='word_1_561' title='bbox 1746 2249 1801 2302; x_wconf 90' lang='lat' dir='ltr'>illis</span> <span class='ocrx_word' id='word_1_562' title='bbox 1812 2287 1820 2314; x_wconf 93' lang='lat'>,</span> <span class='ocrx_word' id='word_1_563' title='bbox 1833 2251 1861 2301; x_wconf 90' lang='lat' dir='ltr'>in</span> 
     </span>
     <span class='ocr_line' id='line_1_55' title="bbox 1043 2333 1862 2402; baseline 0.005 -18"><span class='ocrx_word' id='word_1_564' title='bbox 1043 2334 1137 2402; x_wconf 85' lang='lat' dir='ltr'>quibus</span> <span class='ocrx_word' id='word_1_565' title='bbox 1156 2334 1270 2385; x_wconf 89' lang='lat' dir='ltr'>nondum</span> <span class='ocrx_word' id='word_1_566' title='bbox 1290 2333 1425 2401; x_wconf 82' lang='lat' dir='ltr'>apparuit,</span> <span class='ocrx_word' id='word_1_567' title='bbox 1440 2351 1454 2383; x_wconf 90' lang='lat' dir='ltr'>a</span> <span class='ocrx_word' id='word_1_568' title='bbox 1469 2333 1569 2386; x_wconf 81' lang='lat' dir='ltr'>ratione</span> <span class='ocrx_word' id='word_1_569' title='bbox 1581 2333 1727 2388; x_wconf 82' lang='lat' dir='ltr'>divertisse.</span> <span class='ocrx_word' id='word_1_570' title='bbox 1741 2335 1862 2389; x_wconf 85' lang='lat' dir='ltr'>Secundo</span> 
     </span>
     <span class='ocr_line' id='line_1_56' title="bbox 1042 2416 1862 2488; baseline 0.004 -20"><span class='ocrx_word' id='word_1_571' title='bbox 1042 2417 1143 2481; x_wconf 87' lang='lat' dir='ltr'>obstat,</span> <span class='ocrx_word' id='word_1_572' title='bbox 1164 2417 1233 2488; x_wconf 89' lang='lat' dir='ltr'>quod</span> <span class='ocrx_word' id='word_1_573' title='bbox 1251 2416 1386 2470; x_wconf 89' lang='lat' dir='ltr'>confessus</span> <span class='ocrx_word' id='word_1_574' title='bbox 1406 2417 1434 2469; x_wconf 90' lang='lat' dir='ltr'>in</span> <span class='ocrx_word' id='word_1_575' title='bbox 1456 2420 1512 2484; x_wconf 79' lang='lat' dir='ltr'>jure</span> <span class='ocrx_word' id='word_1_576' title='bbox 1531 2419 1657 2471; x_wconf 88' lang='lat' dir='ltr'>habeatur</span> <span class='ocrx_word' id='word_1_577' title='bbox 1674 2437 1722 2488; x_wconf 88' lang='lat' dir='ltr'>pro</span> <span class='ocrx_word' id='word_1_578' title='bbox 1735 2419 1862 2488; x_wconf 84' lang='lat' dir='ltr'>judicato.</span> 
     </span>
     <span class='ocr_line' id='line_1_57' title="bbox 1044 2497 1865 2572; baseline 0.005 -19"><span class='ocrx_word' id='word_1_579' title='bbox 1044 2502 1177 2554; x_wconf 79' lang='lat' dir='ltr'>iudicatus</span> <span class='ocrx_word' id='word_1_580' title='bbox 1197 2519 1257 2554; x_wconf 84' lang='lat' dir='ltr'>vcro</span> <span class='ocrx_word' id='word_1_581' title='bbox 1275 2518 1328 2554; x_wconf 87' lang='lat' dir='ltr'>non</span> <span class='ocrx_word' id='word_1_582' title='bbox 1345 2497 1393 2554; x_wconf 85' lang='lat' dir='ltr'>fiat</span> <span class='ocrx_word' id='word_1_583' title='bbox 1411 2501 1463 2554; x_wconf 90' lang='lat' dir='ltr'>nisi</span> <span class='ocrx_word' id='word_1_584' title='bbox 1490 2519 1536 2572; x_wconf 90' lang='lat' dir='ltr'>per</span> <span class='ocrx_word' id='word_1_585' title='bbox 1561 2503 1737 2568; x_wconf 89' lang='lat' dir='ltr'>sententiam,</span> <span class='ocrx_word' id='word_1_586' title='bbox 1756 2522 1818 2572; x_wconf 79' lang='lat' dir='ltr'>ergo</span> <span class='ocrx_word' id='word_1_587' title='bbox 1838 2517 1865 2557; x_wconf 85' lang='lat' dir='ltr'>at</span> 
     </span>
     <span class='ocr_line' id='line_1_58' title="bbox 1044 2583 1858 2654; baseline 0.005 -19"><span class='ocrx_word' id='word_1_588' title='bbox 1044 2585 1088 2636; x_wconf 87' lang='lat' dir='ltr'>hic</span> <span class='ocrx_word' id='word_1_589' title='bbox 1105 2584 1277 2636; x_wconf 82' lang='lat' dir='ltr'>substantiale</span> <span class='ocrx_word' id='word_1_590' title='bbox 1294 2583 1420 2638; x_wconf 80' lang='lat' dir='ltr'>infamiae</span> <span class='ocrx_word' id='word_1_591' title='bbox 1438 2586 1596 2654; x_wconf 86' lang='lat' dir='ltr'>requisitum</span> <span class='ocrx_word' id='word_1_592' title='bbox 1623 2585 1726 2639; x_wconf 80' lang='lat' dir='ltr'>uidetur</span> <span class='ocrx_word' id='word_1_593' title='bbox 1751 2587 1858 2648; x_wconf 80' lang='lat' dir='ltr'>adesse.</span> 
     </span>
     <span class='ocr_line' id='line_1_59' title="bbox 1042 2665 1862 2740; baseline 0 -20"><span class='ocrx_word' id='word_1_594' title='bbox 1042 2669 1104 2720; x_wconf 89' lang='lat' dir='ltr'>iicet</span> <span class='ocrx_word' id='word_1_595' title='bbox 1116 2665 1214 2735; x_wconf 89' lang='lat' dir='ltr'>jndicio</span> <span class='ocrx_word' id='word_1_596' title='bbox 1233 2667 1302 2720; x_wconf 89' lang='lat' dir='ltr'>illud</span> <span class='ocrx_word' id='word_1_597' title='bbox 1322 2685 1375 2721; x_wconf 90' lang='lat' dir='ltr'>uon</span> <span class='ocrx_word' id='word_1_598' title='bbox 1395 2671 1516 2722; x_wconf 88' lang='lat' dir='ltr'>accitum.</span> <span class='ocrx_word' id='word_1_599' title='bbox 1531 2685 1599 2740; x_wconf 82' lang='lat' dir='ltr'>resp.</span> <span class='ocrx_word' id='word_1_600' title='bbox 1614 2671 1711 2721; x_wconf 80' lang='lat' dir='ltr'>Verum</span> <span class='ocrx_word' id='word_1_601' title='bbox 1724 2685 1782 2724; x_wconf 87' lang='lat' dir='ltr'>esse</span> <span class='ocrx_word' id='word_1_602' title='bbox 1792 2667 1862 2740; x_wconf 85' lang='lat' dir='ltr'>qn&#39;nd</span> 
     </span>
     <span class='ocr_line' id='line_1_60' title="bbox 1042 2752 1857 2823; baseline -0.001 -18"><span class='ocrx_word' id='word_1_603' title='bbox 1042 2752 1175 2805; x_wconf 84' lang='lat' dir='ltr'>confessus</span> <span class='ocrx_word' id='word_1_604' title='bbox 1188 2755 1217 2805; x_wconf 92' lang='lat' dir='ltr'>in</span> <span class='ocrx_word' id='word_1_605' title='bbox 1229 2755 1286 2822; x_wconf 79' lang='lat' dir='ltr'>jure·</span> <span class='ocrx_word' id='word_1_606' title='bbox 1299 2753 1425 2806; x_wconf 84' lang='lat' dir='ltr'>habeatur</span> <span class='ocrx_word' id='word_1_607' title='bbox 1439 2769 1488 2822; x_wconf 82' lang='lat' dir='ltr'>pro</span> <span class='ocrx_word' id='word_1_608' title='bbox 1498 2753 1627 2820; x_wconf 64' lang='lat' dir='ltr'>judicum</span> <span class='ocrx_word' id='word_1_609' title='bbox 1641 2765 1754 2808; x_wconf 86' lang='lat' dir='ltr'>attamen</span> <span class='ocrx_word' id='word_1_610' title='bbox 1766 2753 1857 2823; x_wconf 89' lang='lat' dir='ltr'>quoad</span> 
     </span>
     <span class='ocr_line' id='line_1_61' title="bbox 1043 2833 1858 2907; baseline 0.006 -21"><span class='ocrx_word' id='word_1_611' title='bbox 1043 2833 1163 2888; x_wconf 75' lang='lat' dir='ltr'>ellectum</span> <span class='ocrx_word' id='word_1_612' title='bbox 1183 2837 1291 2899; x_wconf 88' lang='lat' dir='ltr'>saltem,</span> <span class='ocrx_word' id='word_1_613' title='bbox 1310 2854 1362 2889; x_wconf 92' lang='lat' dir='ltr'>nou</span> <span class='ocrx_word' id='word_1_614' title='bbox 1381 2837 1465 2907; x_wconf 88' lang='lat' dir='ltr'>quoad</span> <span class='ocrx_word' id='word_1_615' title='bbox 1484 2835 1613 2903; x_wconf 88' lang='lat' dir='ltr'>formam,</span> <span class='ocrx_word' id='word_1_616' title='bbox 1633 2837 1651 2890; x_wconf 93' lang='lat' dir='ltr'>i.</span> <span class='ocrx_word' id='word_1_617' title='bbox 1670 2857 1684 2890; x_wconf 87' lang='lat' dir='ltr'>e</span> <span class='ocrx_word' id='word_1_618' title='bbox 1713 2855 1766 2890; x_wconf 89' lang='lat' dir='ltr'>nou</span> <span class='ocrx_word' id='word_1_619' title='bbox 1786 2853 1858 2891; x_wconf 89' lang='lat' dir='ltr'>secus</span> 
     </span>
     <span class='ocr_line' id='line_1_62' title="bbox 1041 2919 1861 2991; baseline 0.006 -22"><span class='ocrx_word' id='word_1_620' title='bbox 1041 2919 1108 2988; x_wconf 88' lang='lat' dir='ltr'>juris</span> <span class='ocrx_word' id='word_1_621' title='bbox 1126 2928 1185 2988; x_wconf 88' lang='lat' dir='ltr'>post</span> <span class='ocrx_word' id='word_1_622' title='bbox 1202 2919 1410 2984; x_wconf 88' lang='lat' dir='ltr'>confessionem,</span> <span class='ocrx_word' id='word_1_623' title='bbox 1429 2939 1506 2990; x_wconf 90' lang='lat' dir='ltr'>quam</span> <span class='ocrx_word' id='word_1_624' title='bbox 1532 2931 1590 2991; x_wconf 89' lang='lat' dir='ltr'>post</span> <span class='ocrx_word' id='word_1_625' title='bbox 1615 2939 1672 2974; x_wconf 90' lang='lat' dir='ltr'>rem</span> <span class='ocrx_word' id='word_1_626' title='bbox 1702 2921 1861 2990; x_wconf 67' lang='lat' dir='ltr'>judicatam</span> 
     </span>
     <span class='ocr_line' id='line_1_63' title="bbox 1043 3001 1862 3078; baseline 0.012 -26"><span class='ocrx_word' id='word_1_627' title='bbox 1043 3013 1197 3056; x_wconf 86' lang='lat' dir='ltr'>nontamen</span> <span class='ocrx_word' id='word_1_628' title='bbox 1217 3001 1312 3056; x_wconf 87' lang='lat' dir='ltr'>iisdem</span> <span class='ocrx_word' id='word_1_629' title='bbox 1330 3005 1504 3068; x_wconf 81' lang='lat' dir='ltr'>solemnibus,</span> <span class='ocrx_word' id='word_1_630' title='bbox 1525 3007 1657 3058; x_wconf 74' lang='lat' dir='ltr'>sententia</span> <span class='ocrx_word' id='word_1_631' title='bbox 1677 3023 1786 3078; x_wconf 86' lang='lat' dir='ltr'>nempe,</span> <span class='ocrx_word' id='word_1_632' title='bbox 1801 3007 1862 3063; x_wconf 78' lang='lat' dir='ltr'>effe·</span> 
     </span>
     <span class='ocr_line' id='line_1_64' title="bbox 1043 3087 1861 3159; baseline 0.007 -21"><span class='ocrx_word' id='word_1_633' title='bbox 1043 3095 1099 3139; x_wconf 91' lang='lat' dir='ltr'>ctus</span> <span class='ocrx_word' id='word_1_634' title='bbox 1114 3087 1169 3140; x_wconf 88' lang='lat' dir='ltr'>iste</span> <span class='ocrx_word' id='word_1_635' title='bbox 1186 3087 1333 3158; x_wconf 89' lang='lat' dir='ltr'>productus.</span> <span class='ocrx_word' id='word_1_636' title='bbox 1353 3087 1392 3139; x_wconf 81' lang='lat' dir='ltr'>tt</span> <span class='ocrx_word' id='word_1_637' title='bbox 1411 3087 1476 3139; x_wconf 89' lang='lat' dir='ltr'>baec</span> <span class='ocrx_word' id='word_1_638' title='bbox 1495 3089 1581 3159; x_wconf 89' lang='lat' dir='ltr'>posito</span> <span class='ocrx_word' id='word_1_639' title='bbox 1606 3089 1734 3154; x_wconf 84' lang='lat' dir='ltr'>absurdo,</span> <span class='ocrx_word' id='word_1_640' title='bbox 1755 3101 1861 3146; x_wconf 87' lang='lat' dir='ltr'>senten·</span> 
     </span>
     <span class='ocr_line' id='line_1_65' title="bbox 1045 3169 1859 3244; baseline 0.01 -23"><span class='ocrx_word' id='word_1_641' title='bbox 1045 3169 1109 3222; x_wconf 90' lang='lat' dir='ltr'>tiam</span> <span class='ocrx_word' id='word_1_642' title='bbox 1128 3169 1313 3238; x_wconf 76' lang='lat' dir='ltr'>interuenisse,</span> <span class='ocrx_word' id='word_1_643' title='bbox 1334 3169 1378 3223; x_wconf 90' lang='lat' dir='ltr'>nbi</span> <span class='ocrx_word' id='word_1_644' title='bbox 1397 3183 1516 3237; x_wconf 88' lang='lat' dir='ltr'>certum,</span> <span class='ocrx_word' id='word_1_645' title='bbox 1542 3190 1676 3244; x_wconf 88' lang='lat' dir='ltr'>nunqnam</span> <span class='ocrx_word' id='word_1_646' title='bbox 1700 3175 1859 3230; x_wconf 82' lang='lat' dir='ltr'>intervenis-</span> 
     </span>
     <span class='ocr_line' id='line_1_66' title="bbox 1044 3255 1863 3331; baseline 0.009 -25"><span class='ocrx_word' id='word_1_647' title='bbox 1044 3270 1086 3317; x_wconf 71' lang='lat' dir='ltr'>ses</span> <span class='ocrx_word' id='word_1_648' title='bbox 1101 3263 1212 3308; x_wconf 86' lang='lat' dir='ltr'>attamen</span> <span class='ocrx_word' id='word_1_649' title='bbox 1230 3272 1253 3306; x_wconf 84' lang='lat' dir='ltr'>e.</span> <span class='ocrx_word' id='word_1_650' title='bbox 1271 3255 1289 3306; x_wconf 87' lang='lat' dir='ltr'>f.</span> <span class='ocrx_word' id='word_1_651' title='bbox 1309 3255 1352 3306; x_wconf 80' lang='lat' dir='ltr'>su.</span> <span class='ocrx_word' id='word_1_652' title='bbox 1369 3258 1432 3309; x_wconf 88' lang='lat' dir='ltr'>satis</span> <span class='ocrx_word' id='word_1_653' title='bbox 1445 3259 1568 3326; x_wconf 85' lang='lat' dir='ltr'>probati,</span> <span class='ocrx_word' id='word_1_654' title='bbox 1585 3258 1712 3311; x_wconf 81' lang='lat' dir='ltr'>sententia</span> <span class='ocrx_word' id='word_1_655' title='bbox 1726 3276 1778 3312; x_wconf 90' lang='lat' dir='ltr'>non</span> <span class='ocrx_word' id='word_1_656' title='bbox 1792 3277 1863 3331; x_wconf 83' lang='lat' dir='ltr'>opus</span> 
     </span>
     <span class='ocr_line' id='line_1_67' title="bbox 1044 3337 1862 3402; baseline 0.005 -13"><span class='ocrx_word' id='word_1_657' title='bbox 1044 3353 1118 3402; x_wconf 86' lang='lat' dir='ltr'>este,</span> <span class='ocrx_word' id='word_1_658' title='bbox 1136 3339 1184 3391; x_wconf 88' lang='lat' dir='ltr'>obi</span> <span class='ocrx_word' id='word_1_659' title='bbox 1202 3339 1267 3390; x_wconf 85' lang='lat' dir='ltr'>alias</span> <span class='ocrx_word' id='word_1_660' title='bbox 1286 3337 1409 3393; x_wconf 77' lang='lat' dir='ltr'>delictum</span> <span class='ocrx_word' id='word_1_661' title='bbox 1427 3350 1538 3393; x_wconf 89' lang='lat' dir='ltr'>certum.</span> <span class='ocrx_word' id='word_1_662' title='bbox 1559 3342 1693 3394; x_wconf 83' lang='lat' dir='ltr'>Praeterea</span> <span class='ocrx_word' id='word_1_663' title='bbox 1711 3341 1740 3394; x_wconf 89' lang='lat' dir='ltr'>in</span> <span class='ocrx_word' id='word_1_664' title='bbox 1760 3340 1786 3394; x_wconf 83' lang='lat' dir='ltr'>d.</span> <span class='ocrx_word' id='word_1_665' title='bbox 1804 3341 1823 3394; x_wconf 88' lang='lat'>1.</span> <span class='ocrx_word' id='word_1_666' title='bbox 1841 3342 1862 3393; x_wconf 90' lang='lat' dir='ltr'>l.</span> 
     </span>
     <span class='ocr_line' id='line_1_68' title="bbox 1043 3419 1859 3494; baseline 0.009 -21"><span class='ocrx_word' id='word_1_667' title='bbox 1043 3419 1131 3490; x_wconf 75' lang='lat' dir='ltr'>§.fin</span> <span class='ocrx_word' id='word_1_668' title='bbox 1150 3421 1282 3474; x_wconf 85' lang='lat' dir='ltr'>cnttfessus</span> <span class='ocrx_word' id='word_1_669' title='bbox 1302 3423 1439 3476; x_wconf 87' lang='lat' dir='ltr'>baberetur</span> <span class='ocrx_word' id='word_1_670' title='bbox 1468 3442 1514 3494; x_wconf 87' lang='lat' dir='ltr'>pro</span> <span class='ocrx_word' id='word_1_671' title='bbox 1539 3425 1741 3478; x_wconf 88' lang='lat' dir='ltr'>sentcntionato.</span> <span class='ocrx_word' id='word_1_672' title='bbox 1763 3427 1859 3480; x_wconf 85' lang='lat' dir='ltr'>Tertio</span> 
     </span>
     <span class='ocr_line' id='line_1_69' title="bbox 1042 3504 1862 3579; baseline 0.011 -23"><span class='ocrx_word' id='word_1_673' title='bbox 1042 3504 1142 3570; x_wconf 81' lang='lat' dir='ltr'>obstat,</span> <span class='ocrx_word' id='word_1_674' title='bbox 1160 3509 1228 3576; x_wconf 90' lang='lat' dir='ltr'>quod</span> <span class='ocrx_word' id='word_1_675' title='bbox 1244 3509 1266 3560; x_wconf 94' lang='lat' dir='ltr'>si</span> <span class='ocrx_word' id='word_1_676' title='bbox 1279 3507 1312 3558; x_wconf 88' lang='lat' dir='ltr'>ob</span> <span class='ocrx_word' id='word_1_677' title='bbox 1323 3509 1523 3579; x_wconf 84' lang='lat' dir='ltr'>publicationem</span> <span class='ocrx_word' id='word_1_678' title='bbox 1539 3509 1627 3563; x_wconf 90' lang='lat' dir='ltr'>delicti</span> <span class='ocrx_word' id='word_1_679' title='bbox 1642 3511 1753 3564; x_wconf 87' lang='lat' dir='ltr'>iufamia</span> <span class='ocrx_word' id='word_1_680' title='bbox 1765 3512 1862 3572; x_wconf 84' lang='lat' dir='ltr'>oritur,</span> 
     </span>
     <span class='ocr_line' id='line_1_70' title="bbox 1043 3591 1862 3666; baseline 0.011 -27"><span class='ocrx_word' id='word_1_681' title='bbox 1043 3600 1194 3658; x_wconf 84' lang='lat' dir='ltr'>sequeretur</span> <span class='ocrx_word' id='word_1_682' title='bbox 1212 3591 1302 3656; x_wconf 88' lang='lat' dir='ltr'>iilum,</span> <span class='ocrx_word' id='word_1_683' title='bbox 1322 3591 1366 3661; x_wconf 90' lang='lat' dir='ltr'>qui</span> <span class='ocrx_word' id='word_1_684' title='bbox 1387 3593 1420 3646; x_wconf 91' lang='lat' dir='ltr'>de</span> <span class='ocrx_word' id='word_1_685' title='bbox 1437 3593 1549 3645; x_wconf 88' lang='lat' dir='ltr'>crimine</span> <span class='ocrx_word' id='word_1_686' title='bbox 1569 3593 1772 3658; x_wconf 84' lang='lat' dir='ltr'>condemnatus,</span> <span class='ocrx_word' id='word_1_687' title='bbox 1789 3599 1862 3666; x_wconf 89' lang='lat' dir='ltr'>qued</span> 
     </span>
     <span class='ocr_line' id='line_1_71' title="bbox 1044 3672 1860 3748; baseline 0.007 -26"><span class='ocrx_word' id='word_1_688' title='bbox 1044 3680 1131 3722; x_wconf 89' lang='lat' dir='ltr'>tamen</span> <span class='ocrx_word' id='word_1_689' title='bbox 1150 3685 1209 3725; x_wconf 90' lang='lat' dir='ltr'>ante</span> <span class='ocrx_word' id='word_1_690' title='bbox 1227 3674 1356 3741; x_wconf 87' lang='lat' dir='ltr'>judicium</span> <span class='ocrx_word' id='word_1_691' title='bbox 1376 3692 1428 3728; x_wconf 87' lang='lat' dir='ltr'>nou</span> <span class='ocrx_word' id='word_1_692' title='bbox 1447 3672 1620 3728; x_wconf 85' lang='lat' dir='ltr'>certificatum</span> <span class='ocrx_word' id='word_1_693' title='bbox 1641 3677 1738 3743; x_wconf 73' lang='lat' dir='ltr'>furerat,</span> <span class='ocrx_word' id='word_1_694' title='bbox 1757 3677 1860 3748; x_wconf 90' lang='lat' dir='ltr'>duplici</span> 
     </span>
     <span class='ocr_line' id='line_1_72' title="bbox 1042 3757 1861 3830; baseline 0.01 -25"><span class='ocrx_word' id='word_1_695' title='bbox 1042 3770 1167 3808; x_wconf 90' lang='lat' dir='ltr'>excausa</span> <span class='ocrx_word' id='word_1_696' title='bbox 1197 3772 1254 3810; x_wconf 91' lang='lat' dir='ltr'>esse</span> <span class='ocrx_word' id='word_1_697' title='bbox 1275 3757 1416 3820; x_wconf 82' lang='lat' dir='ltr'>infamem,</span> <span class='ocrx_word' id='word_1_698' title='bbox 1442 3777 1552 3830; x_wconf 89' lang='lat' dir='ltr'>quarum</span> <span class='ocrx_word' id='word_1_699' title='bbox 1579 3760 1681 3830; x_wconf 88' lang='lat' dir='ltr'>prima,</span> <span class='ocrx_word' id='word_1_700' title='bbox 1706 3761 1774 3830; x_wconf 92' lang='lat' dir='ltr'>quod</span> <span class='ocrx_word' id='word_1_701' title='bbox 1800 3778 1861 3816; x_wconf 89' lang='lat' dir='ltr'>con·</span> 
     </span>
     <span class='ocr_line' id='line_1_73' title="bbox 1044 3841 1861 3918; baseline 0.013 -29"><span class='ocrx_word' id='word_1_702' title='bbox 1044 3841 1180 3893; x_wconf 81' lang='lat' dir='ltr'>damnatus</span> <span class='ocrx_word' id='word_1_703' title='bbox 1199 3843 1329 3894; x_wconf 89' lang='lat' dir='ltr'>sententia</span> <span class='ocrx_word' id='word_1_704' title='bbox 1348 3843 1447 3912; x_wconf 87' lang='lat' dir='ltr'>publici</span> <span class='ocrx_word' id='word_1_705' title='bbox 1472 3845 1565 3914; x_wconf 81' lang='lat' dir='ltr'>judicii</span> <span class='ocrx_word' id='word_1_706' title='bbox 1589 3856 1634 3900; x_wconf 88' lang='lat' dir='ltr'>aut</span> <span class='ocrx_word' id='word_1_707' title='bbox 1653 3846 1744 3918; x_wconf 82' lang='lat' dir='ltr'>privati</span> <span class='ocrx_word' id='word_1_708' title='bbox 1764 3847 1861 3916; x_wconf 82' lang='lat' dir='ltr'>judicii</span> 
     </span>
     <span class='ocr_line' id='line_1_74' title="bbox 1045 3921 1861 4000; baseline 0.012 -28"><span class='ocrx_word' id='word_1_709' title='bbox 1045 3924 1142 3991; x_wconf 89' lang='lat' dir='ltr'>pariter</span> <span class='ocrx_word' id='word_1_710' title='bbox 1153 3921 1258 3988; x_wconf 84' lang='lat' dir='ltr'>famosi,</span> <span class='ocrx_word' id='word_1_711' title='bbox 1266 3943 1314 3992; x_wconf 87' lang='lat' dir='ltr'>per</span> <span class='ocrx_word' id='word_1_712' title='bbox 1325 3927 1342 3976; x_wconf 88' lang='lat'>1.</span> <span class='ocrx_word' id='word_1_713' title='bbox 1354 3925 1424 3994; x_wconf 64' lang='lat' dir='ltr'>iffi</span> <span class='ocrx_word' id='word_1_714' title='bbox 1436 3930 1469 3981; x_wconf 84' lang='lat' dir='ltr'>de</span> <span class='ocrx_word' id='word_1_715' title='bbox 1479 3929 1550 3999; x_wconf 78' lang='lat' dir='ltr'>pail.</span> <span class='ocrx_word' id='word_1_716' title='bbox 1564 3929 1641 3996; x_wconf 77' lang='lat' dir='ltr'>judic</span> <span class='ocrx_word' id='word_1_717' title='bbox 1664 3929 1791 3995; x_wconf 85' lang='lat' dir='ltr'>Secunda,</span> <span class='ocrx_word' id='word_1_718' title='bbox 1799 3931 1861 4000; x_wconf 89' lang='lat' dir='ltr'>qnia</span> 
     </span>
     <span class='ocr_line' id='line_1_75' title="bbox 1045 4009 1858 4082; baseline 0.012 -25"><span class='ocrx_word' id='word_1_719' title='bbox 1045 4009 1172 4059; x_wconf 89' lang='lat' dir='ltr'>sententia</span> <span class='ocrx_word' id='word_1_720' title='bbox 1190 4009 1290 4061; x_wconf 84' lang='lat' dir='ltr'>crimen</span> <span class='ocrx_word' id='word_1_721' title='bbox 1310 4011 1467 4080; x_wconf 85' lang='lat' dir='ltr'>publicatum</span> <span class='ocrx_word' id='word_1_722' title='bbox 1487 4023 1534 4064; x_wconf 89' lang='lat' dir='ltr'>est.</span> <span class='ocrx_word' id='word_1_723' title='bbox 1554 4031 1620 4082; x_wconf 81' lang='lat' dir='ltr'>resp.</span> <span class='ocrx_word' id='word_1_724' title='bbox 1640 4013 1708 4065; x_wconf 89' lang='lat' dir='ltr'>illud</span> <span class='ocrx_word' id='word_1_725' title='bbox 1728 4013 1798 4067; x_wconf 91' lang='lat' dir='ltr'>nibil</span> <span class='ocrx_word' id='word_1_726' title='bbox 1813 4015 1858 4067; x_wconf 93' lang='lat' dir='ltr'>ab·</span> 
     </span>
     <span class='ocr_line' id='line_1_76' title="bbox 1046 4090 1862 4166; baseline 0.012 -26"><span class='ocrx_word' id='word_1_727' title='bbox 1046 4090 1117 4142; x_wconf 88' lang='lat' dir='ltr'>surdi</span> <span class='ocrx_word' id='word_1_728' title='bbox 1131 4091 1179 4143; x_wconf 92' lang='lat' dir='ltr'>snb</span> <span class='ocrx_word' id='word_1_729' title='bbox 1193 4110 1218 4145; x_wconf 85' lang='lat' dir='ltr'>se</span> <span class='ocrx_word' id='word_1_730' title='bbox 1237 4095 1436 4163; x_wconf 84' lang='lat' dir='ltr'>complectitur,</span> <span class='ocrx_word' id='word_1_731' title='bbox 1457 4105 1485 4148; x_wconf 92' lang='lat' dir='ltr'>ut</span> <span class='ocrx_word' id='word_1_732' title='bbox 1503 4095 1563 4164; x_wconf 90' lang='lat' dir='ltr'>quis</span> <span class='ocrx_word' id='word_1_733' title='bbox 1576 4114 1608 4148; x_wconf 90' lang='lat' dir='ltr'>ex</span> <span class='ocrx_word' id='word_1_734' title='bbox 1622 4095 1720 4166; x_wconf 89' lang='lat' dir='ltr'>duplici</span> <span class='ocrx_word' id='word_1_735' title='bbox 1735 4115 1809 4150; x_wconf 87' lang='lat' dir='ltr'>causa</span> <span class='ocrx_word' id='word_1_736' title='bbox 1821 4099 1862 4150; x_wconf 90' lang='lat' dir='ltr'>in·</span> 
     </span>
     <span class='ocr_line' id='line_1_77' title="bbox 1045 4172 1847 4249; baseline 0.014 -26"><span class='ocrx_word' id='word_1_737' title='bbox 1045 4172 1123 4225; x_wconf 89' lang='lat' dir='ltr'>famia</span> <span class='ocrx_word' id='word_1_738' title='bbox 1142 4193 1193 4227; x_wconf 88' lang='lat' dir='ltr'>utta</span> <span class='ocrx_word' id='word_1_739' title='bbox 1213 4177 1361 4230; x_wconf 88' lang='lat' dir='ltr'>mulctetur.</span> <span class='ocrx_word' id='word_1_740' title='bbox 1381 4177 1449 4230; x_wconf 81' lang='lat' dir='ltr'>Nam</span> <span class='ocrx_word' id='word_1_741' title='bbox 1469 4191 1494 4232; x_wconf 84' lang='lat' dir='ltr'>et</span> <span class='ocrx_word' id='word_1_742' title='bbox 1511 4179 1539 4230; x_wconf 92' lang='lat' dir='ltr'>in</span> <span class='ocrx_word' id='word_1_743' title='bbox 1553 4180 1577 4232; x_wconf 81' lang='lat' dir='ltr'>d.</span> <span class='ocrx_word' id='word_1_744' title='bbox 1593 4182 1611 4232; x_wconf 89' lang='lat' dir='ltr'>f.</span> <span class='ocrx_word' id='word_1_745' title='bbox 1626 4179 1668 4232; x_wconf 76' lang='grc'>13.</span> <span class='ocrx_word' id='word_1_746' title='bbox 1681 4181 1704 4246; x_wconf 86' lang='lat'>§.</span> <span class='ocrx_word' id='word_1_747' title='bbox 1714 4199 1775 4249; x_wconf 81' lang='lat' dir='ltr'>pen.</span> <span class='ocrx_word' id='word_1_748' title='bbox 1789 4197 1847 4234; x_wconf 90' lang='lat' dir='ltr'>ccm</span> 
     </span>
     <span class='ocr_line' id='line_1_78' title="bbox 1044 4257 1857 4334; baseline 0.011 -27"><span class='ocrx_word' id='word_1_749' title='bbox 1044 4257 1171 4326; x_wconf 88' lang='lat' dir='ltr'>prehensa</span> <span class='ocrx_word' id='word_1_750' title='bbox 1190 4269 1214 4312; x_wconf 88' lang='lat' dir='ltr'>et</span> <span class='ocrx_word' id='word_1_751' title='bbox 1235 4260 1402 4328; x_wconf 87' lang='lat' dir='ltr'>postmodum</span> <span class='ocrx_word' id='word_1_752' title='bbox 1422 4261 1542 4315; x_wconf 84' lang='lat' dir='ltr'>damnata</span> <span class='ocrx_word' id='word_1_753' title='bbox 1567 4261 1677 4326; x_wconf 88' lang='lat' dir='ltr'>dicitur,</span> <span class='ocrx_word' id='word_1_754' title='bbox 1703 4265 1804 4334; x_wconf 90' lang='lat' dir='ltr'>duplici</span> <span class='ocrx_word' id='word_1_755' title='bbox 1823 4282 1857 4316; x_wconf 91' lang='lat' dir='ltr'>ex</span> 
     </span>
     <span class='ocr_line' id='line_1_79' title="bbox 1045 4342 1856 4417; baseline 0.007 -25"><span class='ocrx_word' id='word_1_756' title='bbox 1045 4357 1133 4408; x_wconf 82' lang='lat' dir='ltr'>eausa,</span> <span class='ocrx_word' id='word_1_757' title='bbox 1152 4342 1261 4395; x_wconf 85' lang='lat' dir='ltr'>infamis</span> <span class='ocrx_word' id='word_1_758' title='bbox 1285 4360 1356 4407; x_wconf 85' lang='lat' dir='ltr'>esse,</span> <span class='ocrx_word' id='word_1_759' title='bbox 1384 4363 1478 4414; x_wconf 87' lang='lat' dir='ltr'>nempe</span> <span class='ocrx_word' id='word_1_760' title='bbox 1504 4344 1573 4414; x_wconf 90' lang='lat' dir='ltr'>quod</span> <span class='ocrx_word' id='word_1_761' title='bbox 1600 4346 1803 4417; x_wconf 86' lang='lat' dir='ltr'>comprehensa,</span> <span class='ocrx_word' id='word_1_762' title='bbox 1828 4357 1856 4399; x_wconf 90' lang='lat' dir='ltr'>et</span> 
     </span>
     <span class='ocr_line' id='line_1_80' title="bbox 1044 4423 1861 4500; baseline 0.009 -27"><span class='ocrx_word' id='word_1_763' title='bbox 1044 4423 1112 4490; x_wconf 89' lang='lat' dir='ltr'>quod</span> <span class='ocrx_word' id='word_1_764' title='bbox 1131 4425 1229 4491; x_wconf 76' lang='lat' dir='ltr'>inclinio</span> <span class='ocrx_word' id='word_1_765' title='bbox 1247 4427 1352 4496; x_wconf 90' lang='lat' dir='ltr'>publico</span> <span class='ocrx_word' id='word_1_766' title='bbox 1370 4425 1500 4482; x_wconf 87' lang='lat' dir='ltr'>damnata.</span> <span class='ocrx_word' id='word_1_767' title='bbox 1520 4427 1632 4482; x_wconf 85' lang='lat' dir='ltr'>Probato</span> <span class='ocrx_word' id='word_1_768' title='bbox 1657 4433 1709 4499; x_wconf 86' lang='lat' dir='ltr'>jam</span> <span class='ocrx_word' id='word_1_769' title='bbox 1729 4449 1773 4497; x_wconf 89' lang='lat' dir='ltr'>eo,</span> <span class='ocrx_word' id='word_1_770' title='bbox 1791 4429 1861 4500; x_wconf 87' lang='lat' dir='ltr'>quod</span> 
     </span>
     <span class='ocr_line' id='line_1_81' title="bbox 1046 4506 1861 4580; baseline 0.012 -24"><span class='ocrx_word' id='word_1_771' title='bbox 1046 4519 1081 4556; x_wconf 87' lang='lat' dir='ltr'>sc.</span> <span class='ocrx_word' id='word_1_772' title='bbox 1098 4507 1142 4572; x_wconf 89' lang='lat' dir='ltr'>jus</span> <span class='ocrx_word' id='word_1_773' title='bbox 1160 4506 1239 4561; x_wconf 87' lang='lat' dir='ltr'>ciaile</span> <span class='ocrx_word' id='word_1_774' title='bbox 1257 4527 1361 4562; x_wconf 85' lang='lat' dir='ltr'>rursum</span> <span class='ocrx_word' id='word_1_775' title='bbox 1388 4509 1515 4564; x_wconf 89' lang='lat' dir='ltr'>infamiae</span> <span class='ocrx_word' id='word_1_776' title='bbox 1539 4513 1673 4580; x_wconf 87' lang='lat' dir='ltr'>permittat</span> <span class='ocrx_word' id='word_1_777' title='bbox 1693 4530 1754 4567; x_wconf 87' lang='lat' dir='ltr'>mox</span> <span class='ocrx_word' id='word_1_778' title='bbox 1772 4535 1786 4566; x_wconf 90' lang='lat' dir='ltr'>a</span> <span class='ocrx_word' id='word_1_779' title='bbox 1806 4533 1861 4566; x_wconf 88' lang='lat' dir='ltr'>ma·</span> 
     </span>
     <span class='ocr_line' id='line_1_82' title="bbox 1046 4589 1861 4668; baseline 0.01 -26"><span class='ocrx_word' id='word_1_780' title='bbox 1046 4589 1215 4645; x_wconf 88' lang='lat' dir='ltr'>nifestatinue</span> <span class='ocrx_word' id='word_1_781' title='bbox 1235 4591 1345 4656; x_wconf 91' lang='lat' dir='ltr'>delicti,</span> <span class='ocrx_word' id='word_1_782' title='bbox 1364 4591 1565 4663; x_wconf 84' lang='lat' dir='ltr'>disquirendum</span> <span class='ocrx_word' id='word_1_783' title='bbox 1586 4615 1647 4650; x_wconf 91' lang='lat' dir='ltr'>num</span> <span class='ocrx_word' id='word_1_784' title='bbox 1669 4595 1726 4668; x_wconf 81' lang='lat' dir='ltr'>ipso</span> <span class='ocrx_word' id='word_1_785' title='bbox 1743 4601 1801 4666; x_wconf 87' lang='lat' dir='ltr'>jure</span> <span class='ocrx_word' id='word_1_786' title='bbox 1820 4599 1861 4650; x_wconf 90' lang='lat' dir='ltr'>in-</span> 
     </span>
     <span class='ocr_line' id='line_1_83' title="bbox 1045 4673 1858 4750; baseline 0.006 -25"><span class='ocrx_word' id='word_1_787' title='bbox 1045 4673 1151 4726; x_wconf 81' lang='lat' dir='ltr'>famiam</span> <span class='ocrx_word' id='word_1_788' title='bbox 1171 4675 1208 4728; x_wconf 89' lang='lat' dir='ltr'>sic</span> <span class='ocrx_word' id='word_1_789' title='bbox 1227 4677 1294 4729; x_wconf 88' lang='lat' dir='ltr'>oriri</span> <span class='ocrx_word' id='word_1_790' title='bbox 1313 4675 1365 4728; x_wconf 89' lang='lat' dir='ltr'>dici</span> <span class='ocrx_word' id='word_1_791' title='bbox 1386 4681 1478 4746; x_wconf 86' lang='lat' dir='ltr'>possit.</span> <span class='ocrx_word' id='word_1_792' title='bbox 1500 4681 1562 4732; x_wconf 85' lang='lat' dir='ltr'>Puto</span> <span class='ocrx_word' id='word_1_793' title='bbox 1587 4679 1655 4748; x_wconf 90' lang='lat' dir='ltr'>quod</span> <span class='ocrx_word' id='word_1_794' title='bbox 1676 4679 1729 4744; x_wconf 87' lang='lat' dir='ltr'>sic,</span> <span class='ocrx_word' id='word_1_795' title='bbox 1748 4681 1809 4750; x_wconf 88' lang='lat' dir='ltr'>quia</span> <span class='ocrx_word' id='word_1_796' title='bbox 1830 4683 1858 4732; x_wconf 83' lang='lat' dir='ltr'>d.</span> 
     </span>
    </p>
   </div>
   <div class='ocr_carea' id='block_1_5' title="bbox 180 4755 1863 4840">
    <p class='ocr_par' dir='ltr' id='par_1_6' title="bbox 180 4755 1863 4840">
     <span class='ocr_line' id='line_1_84' title="bbox 180 4755 1863 4840; baseline 0.001 -24"><span class='ocrx_word' id='word_1_797' title='bbox 180 4763 357 4840; x_wconf 67' lang='lat' dir='ltr'>affirmationi</span> <span class='ocrx_word' id='word_1_798' title='bbox 371 4779 474 4833; x_wconf 91' lang='lat' dir='ltr'>quoque</span> <span class='ocrx_word' id='word_1_799' title='bbox 489 4761 577 4816; x_wconf 87' lang='lat' dir='ltr'>delicti</span> <span class='ocrx_word' id='word_1_800' title='bbox 606 4759 774 4816; x_wconf 86' lang='lat' dir='ltr'>indubitabili</span> <span class='ocrx_word' id='word_1_801' title='bbox 800 4759 916 4814; x_wconf 88' lang='lat' dir='ltr'>eamdem</span> <span class='ocrx_word' id='word_1_802' title='bbox 941 4779 998 4814; x_wconf 88' lang='lat' dir='ltr'>esse</span> <span class='ocrx_word' id='word_1_803' title='bbox 1044 4759 1125 4810; x_wconf 73' lang='lat' dir='ltr'>uss.</span> <span class='ocrx_word' id='word_1_804' title='bbox 1144 4755 1243 4828; x_wconf 78' lang='lat' dir='ltr'>§.pern</span> <span class='ocrx_word' id='word_1_805' title='bbox 1262 4759 1336 4816; x_wconf 83' lang='lat' dir='ltr'>clare</span> <span class='ocrx_word' id='word_1_806' title='bbox 1355 4761 1474 4830; x_wconf 82' lang='lat' dir='ltr'>probarit</span> <span class='ocrx_word' id='word_1_807' title='bbox 1492 4765 1707 4817; x_wconf 79' lang='lat' dir='ltr'>sententiaresse</span> <span class='ocrx_word' id='word_1_808' title='bbox 1726 4765 1863 4820; x_wconf 82' lang='lat' dir='ltr'>istumin·</span> 
     </span>
    </p>
   </div>
   <div class='ocr_carea' id='block_1_6' title="bbox 179 4841 1861 5174">
    <p class='ocr_par' dir='ltr' id='par_1_7' title="bbox 179 4841 1861 5174">
     <span class='ocr_line' id='line_1_85' title="bbox 180 4841 1860 4920; baseline -0.005 -14"><span class='ocrx_word' id='word_1_809' title='bbox 180 4857 233 4906; x_wconf 82' lang='lat' dir='ltr'>aisn</span> <span class='ocrx_word' id='word_1_810' title='bbox 251 4871 284 4905; x_wconf 88' lang='lat' dir='ltr'>sc</span> <span class='ocrx_word' id='word_1_811' title='bbox 298 4849 403 4920; x_wconf 88' lang='lat' dir='ltr'>publico</span> <span class='ocrx_word' id='word_1_812' title='bbox 421 4847 527 4912; x_wconf 76' lang='lat' dir='ltr'>indicio.</span> <span class='ocrx_word' id='word_1_813' title='bbox 548 4846 629 4916; x_wconf 88' lang='lat' dir='ltr'>idque</span> <span class='ocrx_word' id='word_1_814' title='bbox 646 4855 738 4914; x_wconf 89' lang='lat' dir='ltr'>aperte</span> <span class='ocrx_word' id='word_1_815' title='bbox 755 4843 782 4898; x_wconf 81' lang='lat' dir='ltr'>d.</span> <span class='ocrx_word' id='word_1_816' title='bbox 800 4845 818 4896; x_wconf 83' lang='lat' dir='ltr'>f.</span> <span class='ocrx_word' id='word_1_817' title='bbox 837 4843 877 4896; x_wconf 77' lang='lat' dir='ltr'>tc.</span> <span class='ocrx_word' id='word_1_818' title='bbox 899 4841 994 4897; x_wconf 79' lang='lat' dir='ltr'>constr·</span> <span class='ocrx_word' id='word_1_819' title='bbox 1046 4841 1139 4896; x_wconf 86' lang='lat' dir='ltr'>famiae</span> <span class='ocrx_word' id='word_1_820' title='bbox 1157 4841 1292 4905; x_wconf 82' lang='lat' dir='ltr'>effectum,</span> <span class='ocrx_word' id='word_1_821' title='bbox 1306 4862 1355 4913; x_wconf 87' lang='lat' dir='ltr'>qua</span> <span class='ocrx_word' id='word_1_822' title='bbox 1368 4845 1440 4910; x_wconf 87' lang='lat' dir='ltr'>talis,</span> <span class='ocrx_word' id='word_1_823' title='bbox 1457 4865 1509 4897; x_wconf 91' lang='lat' dir='ltr'>non</span> <span class='ocrx_word' id='word_1_824' title='bbox 1523 4863 1573 4914; x_wconf 86' lang='lat' dir='ltr'>qua</span> <span class='ocrx_word' id='word_1_825' title='bbox 1587 4847 1762 4903; x_wconf 87' lang='lat' dir='ltr'>manifestatio</span> <span class='ocrx_word' id='word_1_826' title='bbox 1776 4850 1860 4902; x_wconf 77' lang='lat' dir='ltr'>suinai</span> 
     </span>
     <span class='ocr_line' id='line_1_86' title="bbox 181 4927 1861 5003; baseline -0.002 -11"><span class='ocrx_word' id='word_1_827' title='bbox 181 4947 274 4992; x_wconf 82' lang='lat' dir='ltr'>suatur.</span> <span class='ocrx_word' id='word_1_828' title='bbox 291 4937 347 4990; x_wconf 82' lang='lat' dir='ltr'>Nec</span> <span class='ocrx_word' id='word_1_829' title='bbox 364 4933 451 4987; x_wconf 87' lang='lat' dir='ltr'>eidem</span> <span class='ocrx_word' id='word_1_830' title='bbox 470 4929 488 4982; x_wconf 88' lang='lat' dir='ltr'>f.</span> <span class='ocrx_word' id='word_1_831' title='bbox 507 4931 534 4982; x_wconf 78' lang='grc'>7.</span> <span class='ocrx_word' id='word_1_832' title='bbox 550 4929 723 4993; x_wconf 82' lang='lat' dir='ltr'>contradicit,</span> <span class='ocrx_word' id='word_1_833' title='bbox 743 4945 800 4980; x_wconf 90' lang='lat' dir='ltr'>oum</span> <span class='ocrx_word' id='word_1_834' title='bbox 821 4929 899 4982; x_wconf 87' lang='lat' dir='ltr'>unius</span> <span class='ocrx_word' id='word_1_835' title='bbox 923 4931 994 4981; x_wconf 88' lang='lat' dir='ltr'>modi</span> <span class='ocrx_word' id='word_1_836' title='bbox 1045 4935 1085 4979; x_wconf 84' lang='lat' dir='ltr'>est</span> <span class='ocrx_word' id='word_1_837' title='bbox 1095 4927 1222 4980; x_wconf 88' lang='lat' dir='ltr'>scelerati.</span> <span class='ocrx_word' id='word_1_838' title='bbox 1233 4929 1309 4980; x_wconf 84' lang='lat' dir='ltr'>Juste</span> <span class='ocrx_word' id='word_1_839' title='bbox 1327 4927 1409 4996; x_wconf 82' lang='lat' dir='ltr'>igitur</span> <span class='ocrx_word' id='word_1_840' title='bbox 1422 4929 1475 4980; x_wconf 90' lang='lat' dir='ltr'>dici</span> <span class='ocrx_word' id='word_1_841' title='bbox 1488 4940 1586 5000; x_wconf 88' lang='lat' dir='ltr'>potest,</span> <span class='ocrx_word' id='word_1_842' title='bbox 1601 4933 1641 4997; x_wconf 83' lang='lat' dir='ltr'>jus</span> <span class='ocrx_word' id='word_1_843' title='bbox 1656 4931 1693 4983; x_wconf 88' lang='lat' dir='ltr'>ibi</span> <span class='ocrx_word' id='word_1_844' title='bbox 1707 4949 1760 4986; x_wconf 89' lang='lat' dir='ltr'>non</span> <span class='ocrx_word' id='word_1_845' title='bbox 1774 4933 1861 5003; x_wconf 89' lang='lat' dir='ltr'>ipsum</span> 
     </span>
     <span class='ocr_line' id='line_1_87' title="bbox 179 5011 1861 5092; baseline -0.004 -18"><span class='ocrx_word' id='word_1_846' title='bbox 179 5021 277 5092; x_wconf 88' lang='lat' dir='ltr'>positio</span> <span class='ocrx_word' id='word_1_847' title='bbox 296 5035 348 5073; x_wconf 92' lang='lat' dir='ltr'>uon</span> <span class='ocrx_word' id='word_1_848' title='bbox 368 5018 403 5070; x_wconf 89' lang='lat' dir='ltr'>sit</span> <span class='ocrx_word' id='word_1_849' title='bbox 421 5014 528 5070; x_wconf 88' lang='lat' dir='ltr'>alterius</span> <span class='ocrx_word' id='word_1_850' title='bbox 546 5013 679 5078; x_wconf 83' lang='lat' dir='ltr'>exclusio,</span> <span class='ocrx_word' id='word_1_851' title='bbox 700 5013 814 5065; x_wconf 89' lang='lat' dir='ltr'>maxime</span> <span class='ocrx_word' id='word_1_852' title='bbox 831 5011 996 5066; x_wconf 79' lang='lat' dir='ltr'>sicertisle·</span> <span class='ocrx_word' id='word_1_853' title='bbox 1044 5011 1164 5080; x_wconf 89' lang='lat' dir='ltr'>operari,</span> <span class='ocrx_word' id='word_1_854' title='bbox 1183 5011 1228 5064; x_wconf 86' lang='lat' dir='ltr'>sed</span> <span class='ocrx_word' id='word_1_855' title='bbox 1253 5029 1298 5082; x_wconf 86' lang='lat' dir='ltr'>per</span> <span class='ocrx_word' id='word_1_856' title='bbox 1324 5013 1396 5066; x_wconf 89' lang='lat' dir='ltr'>aliud</span> <span class='ocrx_word' id='word_1_857' title='bbox 1416 5013 1496 5082; x_wconf 87' lang='lat' dir='ltr'>quid,</span> <span class='ocrx_word' id='word_1_858' title='bbox 1516 5030 1564 5082; x_wconf 89' lang='lat' dir='ltr'>per</span> <span class='ocrx_word' id='word_1_859' title='bbox 1583 5015 1737 5066; x_wconf 89' lang='lat' dir='ltr'>seutentiam</span> <span class='ocrx_word' id='word_1_860' title='bbox 1755 5015 1861 5081; x_wconf 87' lang='lat' dir='ltr'>judicis.</span> 
     </span>
     <span class='ocr_line' id='line_1_88' title="bbox 180 5094 1858 5174; baseline -0.004 -18"><span class='ocrx_word' id='word_1_861' title='bbox 180 5105 257 5174; x_wconf 68' lang='lat' dir='ltr'>pibus</span> <span class='ocrx_word' id='word_1_862' title='bbox 273 5101 436 5174; x_wconf 80' lang='lat' dir='ltr'>approbatur.</span> <span class='ocrx_word' id='word_1_863' title='bbox 455 5098 531 5152; x_wconf 82' lang='lat' dir='ltr'>Nihil</span> <span class='ocrx_word' id='word_1_864' title='bbox 547 5097 662 5167; x_wconf 89' lang='lat' dir='ltr'>amplius</span> <span class='ocrx_word' id='word_1_865' title='bbox 688 5105 749 5163; x_wconf 81' lang='lat' dir='ltr'>est,</span> <span class='ocrx_word' id='word_1_866' title='bbox 768 5094 836 5164; x_wconf 91' lang='lat' dir='ltr'>qood</span> <span class='ocrx_word' id='word_1_867' title='bbox 855 5095 944 5150; x_wconf 89' lang='lat' dir='ltr'>obstet</span> <span class='ocrx_word' id='word_1_868' title='bbox 963 5117 995 5153; x_wconf 87' lang='lat' dir='ltr'>ex</span> <span class='ocrx_word' id='word_1_869' title='bbox 1043 5094 1094 5146; x_wconf 89' lang='lat' dir='ltr'>Ubi</span> <span class='ocrx_word' id='word_1_870' title='bbox 1117 5112 1175 5147; x_wconf 89' lang='lat' dir='ltr'>aero</span> <span class='ocrx_word' id='word_1_871' title='bbox 1195 5111 1240 5164; x_wconf 89' lang='lat' dir='ltr'>per</span> <span class='ocrx_word' id='word_1_872' title='bbox 1257 5095 1327 5148; x_wconf 85' lang='lat' dir='ltr'>aliud</span> <span class='ocrx_word' id='word_1_873' title='bbox 1348 5096 1414 5150; x_wconf 86' lang='lat' dir='ltr'>istud</span> <span class='ocrx_word' id='word_1_874' title='bbox 1433 5099 1473 5164; x_wconf 82' lang='lat' dir='ltr'>jus</span> <span class='ocrx_word' id='word_1_875' title='bbox 1492 5115 1545 5150; x_wconf 91' lang='lat' dir='ltr'>uon</span> <span class='ocrx_word' id='word_1_876' title='bbox 1564 5107 1687 5168; x_wconf 88' lang='lat' dir='ltr'>operatur</span> <span class='ocrx_word' id='word_1_877' title='bbox 1701 5096 1858 5164; x_wconf 87' lang='lat' dir='ltr'>infamiam,</span> 
     </span>
    </p>
   </div>
   <div class='ocr_carea' id='block_1_7' title="bbox 178 5176 1862 5758">
    <p class='ocr_par' dir='ltr' id='par_1_8' title="bbox 178 5176 1862 5758">
     <span class='ocr_line' id='line_1_89' title="bbox 180 5176 1861 5256; baseline -0.003 -18"><span class='ocrx_word' id='word_1_878' title='bbox 180 5187 358 5256; x_wconf 70' lang='lat' dir='ltr'>argumentis,</span> <span class='ocrx_word' id='word_1_879' title='bbox 376 5183 472 5251; x_wconf 88' lang='lat' dir='ltr'>quibus</span> <span class='ocrx_word' id='word_1_880' title='bbox 490 5179 534 5230; x_wconf 89' lang='lat' dir='ltr'>dd.</span> <span class='ocrx_word' id='word_1_881' title='bbox 553 5179 730 5233; x_wconf 84' lang='lat' dir='ltr'>substantiale</span> <span class='ocrx_word' id='word_1_882' title='bbox 750 5176 874 5231; x_wconf 87' lang='lat' dir='ltr'>infamiae</span> <span class='ocrx_word' id='word_1_883' title='bbox 885 5179 995 5250; x_wconf 65' lang='lat' dir='ltr'>requisia</span> <span class='ocrx_word' id='word_1_884' title='bbox 1044 5181 1128 5251; x_wconf 82' lang='lat' dir='ltr'>ipsum</span> <span class='ocrx_word' id='word_1_885' title='bbox 1147 5181 1264 5232; x_wconf 90' lang='lat' dir='ltr'>eamdem</span> <span class='ocrx_word' id='word_1_886' title='bbox 1290 5179 1424 5234; x_wconf 85' lang='lat' dir='ltr'>inflixisse</span> <span class='ocrx_word' id='word_1_887' title='bbox 1451 5179 1599 5250; x_wconf 86' lang='lat' dir='ltr'>praedicari</span> <span class='ocrx_word' id='word_1_888' title='bbox 1627 5179 1781 5234; x_wconf 89' lang='lat' dir='ltr'>merebitur.</span> <span class='ocrx_word' id='word_1_889' title='bbox 1807 5182 1861 5235; x_wconf 88' lang='lat' dir='ltr'>Sed</span> 
     </span>
     <span class='ocr_line' id='line_1_90' title="bbox 179 5261 1859 5336; baseline -0.005 -12"><span class='ocrx_word' id='word_1_890' title='bbox 179 5283 235 5324; x_wconf 84' lang='lat' dir='ltr'>tom</span> <span class='ocrx_word' id='word_1_891' title='bbox 254 5287 311 5324; x_wconf 88' lang='lat' dir='ltr'>esse</span> <span class='ocrx_word' id='word_1_892' title='bbox 328 5269 501 5330; x_wconf 71' lang='lat' dir='ltr'>untentiant,</span> <span class='ocrx_word' id='word_1_893' title='bbox 519 5263 698 5330; x_wconf 86' lang='lat' dir='ltr'>arbitrantur,</span> <span class='ocrx_word' id='word_1_894' title='bbox 717 5265 796 5330; x_wconf 89' lang='lat' dir='ltr'>adeo,</span> <span class='ocrx_word' id='word_1_895' title='bbox 816 5275 845 5318; x_wconf 90' lang='lat' dir='ltr'>nt</span> <span class='ocrx_word' id='word_1_896' title='bbox 862 5264 895 5318; x_wconf 87' lang='lat' dir='ltr'>de</span> <span class='ocrx_word' id='word_1_897' title='bbox 918 5281 992 5336; x_wconf 87' lang='lat' dir='ltr'>para·</span> <span class='ocrx_word' id='word_1_898' title='bbox 1043 5265 1141 5316; x_wconf 87' lang='lat' dir='ltr'>iterum</span> <span class='ocrx_word' id='word_1_899' title='bbox 1161 5263 1218 5328; x_wconf 88' lang='lat' dir='ltr'>bic,</span> <span class='ocrx_word' id='word_1_900' title='bbox 1235 5263 1303 5332; x_wconf 90' lang='lat' dir='ltr'>quod</span> <span class='ocrx_word' id='word_1_901' title='bbox 1321 5267 1374 5333; x_wconf 85' lang='lat' dir='ltr'>jam</span> <span class='ocrx_word' id='word_1_902' title='bbox 1394 5265 1422 5316; x_wconf 90' lang='lat' dir='ltr'>in</span> <span class='ocrx_word' id='word_1_903' title='bbox 1443 5261 1659 5334; x_wconf 88' lang='lat' dir='ltr'>praecedentibus</span> <span class='ocrx_word' id='word_1_904' title='bbox 1678 5261 1793 5328; x_wconf 87' lang='lat' dir='ltr'>adduxi,</span> <span class='ocrx_word' id='word_1_905' title='bbox 1815 5283 1859 5318; x_wconf 87' lang='lat' dir='ltr'>uo-</span> 
     </span>
     <span class='ocr_line' id='line_1_91' title="bbox 178 5345 1862 5424; baseline -0.007 -16"><span class='ocrx_word' id='word_1_906' title='bbox 178 5356 245 5410; x_wconf 88' lang='lat' dir='ltr'>doxo</span> <span class='ocrx_word' id='word_1_907' title='bbox 263 5354 370 5424; x_wconf 76' lang='lat' dir='ltr'>gloriari</span> <span class='ocrx_word' id='word_1_908' title='bbox 385 5353 471 5403; x_wconf 90' lang='lat' dir='ltr'>liceret</span> <span class='ocrx_word' id='word_1_909' title='bbox 486 5347 607 5419; x_wconf 71' lang='lat' dir='ltr'>probatos</span> <span class='ocrx_word' id='word_1_910' title='bbox 622 5347 667 5400; x_wconf 89' lang='lat' dir='ltr'>sed</span> <span class='ocrx_word' id='word_1_911' title='bbox 680 5347 820 5418; x_wconf 83' lang='lat' dir='ltr'>objectioni</span> <span class='ocrx_word' id='word_1_912' title='bbox 834 5347 992 5402; x_wconf 89' lang='lat' dir='ltr'>studendum</span> <span class='ocrx_word' id='word_1_913' title='bbox 1044 5347 1166 5410; x_wconf 70' lang='lat' dir='ltr'>undum,</span> <span class='ocrx_word' id='word_1_914' title='bbox 1184 5349 1337 5416; x_wconf 86' lang='lat' dir='ltr'>pronomini</span> <span class='ocrx_word' id='word_1_915' title='bbox 1365 5347 1407 5401; x_wconf 89' lang='lat' dir='ltr'>isti</span> <span class='ocrx_word' id='word_1_916' title='bbox 1430 5345 1538 5416; x_wconf 89' lang='lat' dir='ltr'>quidem</span> <span class='ocrx_word' id='word_1_917' title='bbox 1567 5345 1612 5398; x_wconf 88' lang='lat' dir='ltr'>bic</span> <span class='ocrx_word' id='word_1_918' title='bbox 1637 5347 1720 5398; x_wconf 89' lang='lat' dir='ltr'>locum</span> <span class='ocrx_word' id='word_1_919' title='bbox 1747 5345 1862 5402; x_wconf 75' lang='lat' dir='ltr'>esseoh&#39;</span> 
     </span>
     <span class='ocr_line' id='line_1_92' title="bbox 178 5427 1856 5509; baseline -0.004 -20"><span class='ocrx_word' id='word_1_920' title='bbox 178 5437 309 5509; x_wconf 87' lang='lat' dir='ltr'>possibili.</span> <span class='ocrx_word' id='word_1_921' title='bbox 323 5437 352 5490; x_wconf 86' lang='lat' dir='ltr'>si</span> <span class='ocrx_word' id='word_1_922' title='bbox 371 5438 412 5504; x_wconf 85' lang='lat' dir='ltr'>jus</span> <span class='ocrx_word' id='word_1_923' title='bbox 429 5435 522 5499; x_wconf 78' lang='lat' dir='ltr'>civile,</span> <span class='ocrx_word' id='word_1_924' title='bbox 540 5435 610 5488; x_wconf 75' lang='lat' dir='ltr'>dicet</span> <span class='ocrx_word' id='word_1_925' title='bbox 622 5433 695 5503; x_wconf 80' lang='lat' dir='ltr'>quia,</span> <span class='ocrx_word' id='word_1_926' title='bbox 711 5433 837 5487; x_wconf 90' lang='lat' dir='ltr'>infamiae</span> <span class='ocrx_word' id='word_1_927' title='bbox 851 5435 933 5486; x_wconf 85' lang='lat' dir='ltr'>locum</span> <span class='ocrx_word' id='word_1_928' title='bbox 948 5433 993 5488; x_wconf 86' lang='lat' dir='ltr'>dat</span> <span class='ocrx_word' id='word_1_929' title='bbox 1042 5431 1212 5486; x_wconf 87' lang='lat' dir='ltr'>remotionem</span> <span class='ocrx_word' id='word_1_930' title='bbox 1226 5429 1292 5483; x_wconf 92' lang='lat' dir='ltr'>alins</span> <span class='ocrx_word' id='word_1_931' title='bbox 1305 5431 1436 5498; x_wconf 84' lang='lat' dir='ltr'>cujusdam</span> <span class='ocrx_word' id='word_1_932' title='bbox 1451 5430 1488 5483; x_wconf 88' lang='lat' dir='ltr'>rei</span> <span class='ocrx_word' id='word_1_933' title='bbox 1500 5467 1509 5495; x_wconf 97' lang='lat'>,</span> <span class='ocrx_word' id='word_1_934' title='bbox 1521 5429 1568 5482; x_wconf 87' lang='lat' dir='ltr'>sed</span> <span class='ocrx_word' id='word_1_935' title='bbox 1582 5447 1634 5482; x_wconf 89' lang='lat' dir='ltr'>nou</span> <span class='ocrx_word' id='word_1_936' title='bbox 1645 5427 1713 5500; x_wconf 92' lang='lat' dir='ltr'>quod</span> <span class='ocrx_word' id='word_1_937' title='bbox 1725 5431 1766 5498; x_wconf 80' lang='lat' dir='ltr'>jus</span> <span class='ocrx_word' id='word_1_938' title='bbox 1777 5430 1856 5484; x_wconf 86' lang='lat' dir='ltr'>aliam</span> 
     </span>
     <span class='ocr_line' id='line_1_93' title="bbox 178 5513 1859 5591; baseline -0.005 -17"><span class='ocrx_word' id='word_1_939' title='bbox 178 5521 388 5591; x_wconf 80' lang='lat' dir='ltr'>quamprimum</span> <span class='ocrx_word' id='word_1_940' title='bbox 408 5519 532 5572; x_wconf 86' lang='lat' dir='ltr'>delictum</span> <span class='ocrx_word' id='word_1_941' title='bbox 558 5515 773 5581; x_wconf 89' lang='lat' dir='ltr'>manifestatum,</span> <span class='ocrx_word' id='word_1_942' title='bbox 790 5516 885 5570; x_wconf 87' lang='lat' dir='ltr'>delicto</span> <span class='ocrx_word' id='word_1_943' title='bbox 903 5518 990 5570; x_wconf 91' lang='lat' dir='ltr'>mani·</span> <span class='ocrx_word' id='word_1_944' title='bbox 1042 5515 1119 5569; x_wconf 86' lang='lat' dir='ltr'>istam</span> <span class='ocrx_word' id='word_1_945' title='bbox 1144 5533 1199 5568; x_wconf 90' lang='lat' dir='ltr'>rem</span> <span class='ocrx_word' id='word_1_946' title='bbox 1218 5513 1245 5564; x_wconf 92' lang='lat' dir='ltr'>id</span> <span class='ocrx_word' id='word_1_947' title='bbox 1264 5528 1319 5578; x_wconf 86' lang='lat' dir='ltr'>est,</span> <span class='ocrx_word' id='word_1_948' title='bbox 1340 5513 1497 5568; x_wconf 87' lang='lat' dir='ltr'>senteutiam</span> <span class='ocrx_word' id='word_1_949' title='bbox 1519 5513 1608 5582; x_wconf 87' lang='lat' dir='ltr'>ipsum</span> <span class='ocrx_word' id='word_1_950' title='bbox 1628 5523 1750 5584; x_wconf 84' lang='lat' dir='ltr'>peragat,</span> <span class='ocrx_word' id='word_1_951' title='bbox 1771 5523 1799 5566; x_wconf 91' lang='lat' dir='ltr'>ut</span> <span class='ocrx_word' id='word_1_952' title='bbox 1819 5533 1859 5567; x_wconf 88' lang='lat' dir='ltr'>sc·</span> 
     </span>
     <span class='ocr_line' id='line_1_94' title="bbox 179 5595 1856 5673; baseline -0.004 -17"><span class='ocrx_word' id='word_1_953' title='bbox 179 5605 248 5656; x_wconf 83' lang='lat' dir='ltr'>festu</span> <span class='ocrx_word' id='word_1_954' title='bbox 265 5603 339 5657; x_wconf 85' lang='lat' dir='ltr'>illum</span> <span class='ocrx_word' id='word_1_955' title='bbox 359 5619 467 5673; x_wconf 88' lang='lat' dir='ltr'>semper</span> <span class='ocrx_word' id='word_1_956' title='bbox 487 5599 654 5672; x_wconf 88' lang='lat' dir='ltr'>permitteret</span> <span class='ocrx_word' id='word_1_957' title='bbox 671 5599 809 5654; x_wconf 80' lang='lat' dir='ltr'>effectum:</span> <span class='ocrx_word' id='word_1_958' title='bbox 838 5599 913 5670; x_wconf 83' lang='lat' dir='ltr'>hujus</span> <span class='ocrx_word' id='word_1_959' title='bbox 932 5619 988 5654; x_wconf 87' lang='lat' dir='ltr'>non-</span> <span class='ocrx_word' id='word_1_960' title='bbox 1041 5601 1156 5653; x_wconf 89' lang='lat' dir='ltr'>cundum</span> <span class='ocrx_word' id='word_1_961' title='bbox 1175 5597 1217 5650; x_wconf 89' lang='lat' dir='ltr'>dd.</span> <span class='ocrx_word' id='word_1_962' title='bbox 1236 5598 1389 5667; x_wconf 86' lang='lat' dir='ltr'>opinionem</span> <span class='ocrx_word' id='word_1_963' title='bbox 1409 5597 1538 5652; x_wconf 85' lang='lat' dir='ltr'>sententia</span> <span class='ocrx_word' id='word_1_964' title='bbox 1557 5599 1621 5667; x_wconf 82' lang='lat' dir='ltr'>legis</span> <span class='ocrx_word' id='word_1_965' title='bbox 1641 5596 1785 5650; x_wconf 88' lang='lat' dir='ltr'>infamatio</span> <span class='ocrx_word' id='word_1_966' title='bbox 1802 5595 1856 5662; x_wconf 73' lang='lat' dir='ltr'>fian</span> 
     </span>
     <span class='ocr_line' id='line_1_95' title="bbox 179 5683 1857 5758; baseline -0.001 -18"><span class='ocrx_word' id='word_1_967' title='bbox 179 5687 287 5740; x_wconf 78' lang='lat' dir='ltr'>tertium</span> <span class='ocrx_word' id='word_1_968' title='bbox 306 5701 366 5742; x_wconf 88' lang='lat' dir='ltr'>sero</span> <span class='ocrx_word' id='word_1_969' title='bbox 390 5685 531 5755; x_wconf 73' lang='lat' dir='ltr'>contingit,</span> <span class='ocrx_word' id='word_1_970' title='bbox 557 5684 601 5738; x_wconf 89' lang='lat' dir='ltr'>nbi</span> <span class='ocrx_word' id='word_1_971' title='bbox 628 5685 687 5757; x_wconf 90' lang='lat' dir='ltr'>qula</span> <span class='ocrx_word' id='word_1_972' title='bbox 712 5685 745 5739; x_wconf 88' lang='lat' dir='ltr'>de</span> <span class='ocrx_word' id='word_1_973' title='bbox 770 5683 867 5738; x_wconf 89' lang='lat' dir='ltr'>delicto</span> <span class='ocrx_word' id='word_1_974' title='bbox 892 5683 992 5740; x_wconf 89' lang='lat' dir='ltr'>famoso</span> <span class='ocrx_word' id='word_1_975' title='bbox 1042 5685 1087 5738; x_wconf 89' lang='lat' dir='ltr'>sed</span> <span class='ocrx_word' id='word_1_976' title='bbox 1107 5683 1224 5758; x_wconf 87' lang='lat' dir='ltr'>aintplioi</span> <span class='ocrx_word' id='word_1_977' title='bbox 1241 5702 1285 5740; x_wconf 84' lang='lat' dir='ltr'>sua</span> <span class='ocrx_word' id='word_1_978' title='bbox 1311 5685 1492 5756; x_wconf 87' lang='lat' dir='ltr'>dispositione.</span> <span class='ocrx_word' id='word_1_979' title='bbox 1516 5685 1596 5756; x_wconf 84' lang='lat' dir='ltr'>(Duo</span> <span class='ocrx_word' id='word_1_980' title='bbox 1615 5683 1687 5738; x_wconf 88' lang='lat' dir='ltr'>euim</span> <span class='ocrx_word' id='word_1_981' title='bbox 1705 5694 1799 5750; x_wconf 87' lang='lat' dir='ltr'>actus,</span> <span class='ocrx_word' id='word_1_982' title='bbox 1818 5685 1857 5740; x_wconf 90' lang='lat' dir='ltr'>uti</span> 
     </span>
    </p>
   </div>
   <div class='ocr_carea' id='block_1_8' title="bbox 0 0 2232 6212">
    <p class='ocr_par' dir='ltr' id='par_1_9' title="bbox 0 0 2232 6212">
     <span class='ocr_line' id='line_1_96' title="bbox 0 0 2232 6212; baseline 0 0"><span class='ocrx_word' id='word_1_983' title='bbox 0 0 2232 6212; x_wconf 95' lang='lat' dir='ltr'> </span> 
     </span>
    </p>
   </div>
  </div>
 </body>
</html>
