4414 6220
245 286 298 344 813
749 281 797 336 DE
816 278 944 334 DAMNO
964 281 1078 338 REBUS
1100 281 1238 344 lltssnts
1256 301 1316 344 nnc.
1762 283 1814 338 blf

131 381 167 436 32
186 381 339 436 immittitur
359 377 389 432 in
407 376 534 431 alienum.
552 372 607 428 Sed
624 371 721 426 rectius
738 371 839 426 affirm.
857 375 999 443 etquidem
1050 377 1153 432 familia
1170 383 1267 436 exinde
1286 383 1442 437 contrahere
1459 391 1565 454 posset,
1584 381 1627 435 cui
1659 382 1804 437 sentcntiae
1823 402 1868 452 pa·

186 483 234 538 per
258 465 275 517 f.
300 467 324 516 t.
348 463 370 530 §.
395 456 770 530 &ffefeupetaqupluv-
788 473 845 510 ure.
866 457 917 510 tbi:
936 459 999 511 ficet
1051 463 1641 539 trocinalur1.2.§.29,ff.mqffl'df„100
1662 465 1734 532 pum,
1759 463 1813 518 ubl
1842 463 1866 517 ,ᾗ
1885 456 1921 508 09

184 548 293 622 ὓῙῘΨΜ
315 549 344 600 ⁸¹⁶
370 560 421 600 ⁸⁰⁰
438 543 555 612 samis
570 539 737 612 swami‘l‘
764 540 861 594 ducere
879 541 941 610 agri
958 543 1004 596 sui
1048 544 1129 598 odore
1148 543 1219 598 locus
1238 545 1434 614 pestilentiosus
1451 546 1499 603 fiat
1524 550 1629 602 dabitur
1654 550 1724 602 laeso
1750 545 1882 600 interdi··

126 633 162 684 bi
180 631 305 688 siccandi
319 639 346 682 et
364 627 470 684 colendi
490 641 586 678 ceusu.
613 625 673 678 adu.
700 623 726 677 d.
750 624 769 677 t.
787 635 805 678 ι.
831 623 855 696 5.
880 625 1001 679 23.1ιιιιι
1049 639 1129 692 ctum,
1149 647 1201 697 quo
1219 629 1336 699 experiri
1357 635 1440 700 poeste
1457 631 1866 698 nourr,e10512010m.0j„„n0dp

179 717 297 770 dioecese
317 715 406 776 locus,
439 711 468 764 iu
486 726 564 778 quem
589 725 622 761 ex
648 718 690 762 tue
717 707 895 775 immittitur,
921 710 1000 764 etiam
1051 709 1191 776 foetorem,
1213 721 1289 780 atque
1309 711 1344 764 ila
1364 727 1411 782 per
1430 710 1500 762 lurnc
1518 711 1867 768 textumcouctudunrcug.

178 818 248 871 ager
269 809 325 864 est,
341 793 437 868 quidni
456 811 515 863 ergo
535 791 677 864 probibere
695 792 796 862 possis,
816 809 850 845 nc
873 793 1002 852 immitta-
1051 795 1113 863 poll.
1133 792 1166 846 de
1183 812 1205 846 r.
1216 813 1243 863 p.
1256 817 1284 848 n·
1296 812 1320 848 c.
1332 793 1375 847 fd.
1388 813 1416 847 rr.
1432 795 1457 847 3.
1469 792 1601 847 Francisc.
1615 793 1682 862 Ripa
1696 799 1728 850 d,
1750 807 1822 868 Perre
1845 815 1867 851 ο,

180 897 242 948 Ιῦῐι
261 900 321 937 ῦϋῐΰ
341 881 385 932 ¹¹50
402 879 487 932 10⁶⁰¹¹¹
508 876 603 932 hebere
622 875 719 946 possit:
740 874 916 946 privilegiatus
941 893 1001 930 cou-
1052 879 1078 932 f.
1091 879 1123 932 de
1136 896 1201 932 ram.
1211 895 1296 946 pluer.
1310 889 1394 931 contr.
1405 890 1471 948 pest.
1484 875 1542 928 add.
1556 875 1679 929 Menoeis.
1692 893 1766 928 conr.
1778 881 1820 930 26.
1837 899 1864 934 η,

180 979 222 1030 ¹tra
247 962 443 1038 privilegiatum
463 977 514 1014 nou
534 961 617 1014 utitur
638 959 792 1029 privilegio.
811 959 863 1014 Sed
888 958 1002 1012 concedo
1054 962 1282 1014 enumerares.
1295 971 1329 1012 tr.
1342 959 1403 1030 dep
1416 977 1437 1012 ι.
1451 959 1544 1014 diceb
1556 957 1761 1012 c.³.n.28;liec
1773 960 1869 1024 obstat,
1887 962 1922 1012 'tu

180 1053 264 1114 haec,
283 1049 305 1102 si
325 1066 389 1117 equa
407 1044 527 1100 immissu
544 1044 572 1096 iu
594 1059 657 1111 agro
674 1043 787 1110 subjecto
806 1043 942 1096 substituta
960 1059 1001 1094 es·
1052 1043 1121 1112 quod
1140 1045 1244 1104 uocirus
1262 1043 1380 1114 pruccise
1406 1061 1458 1096 rton
1484 1045 1520 1096 sit
1543 1042 1643 1109 foetor,
1670 1045 1753 1096 multo
1778 1047 1869 1099 minue

123 1129 158 1182 iii
178 1148 237 1200 set,
257 1149 304 1185 nec
324 1131 414 1186 statim
435 1143 575 1186 recessura.
595 1127 669 1196 Quid
689 1125 710 1198 si
734 1143 796 1178 reru
817 1141 849 1178 en
874 1124 925 1177 isto
944 1141 1004 1194 egro
1054 1127 1265 1198 pestilentiosus,
1284 1128 1330 1198 qui
1351 1127 1456 1183 tolerari
1477 1137 1562 1198 potest
1578 1127 1611 1180 eb
1626 1126 1693 1196 ipsis
1712 1127 1790 1196 hujus
1803 1128 1869 1182 artis

179 1221 273 1274 atatim
292 1216 328 1272 sit
346 1232 477 1269 recessura
497 1211 525 1264 in
544 1211 596 1261 alia
612 1212 687 1274 ber,
705 1205 798 1278 quidni
818 1209 861 1277 jus
880 1208 1004 1261 haberem
1057 1212 1263 1275 exercitoribuse
1283 1213 1329 1264 sed
1349 1213 1470 1266 brevibus
1489 1213 1650 1282 respondeo,
1669 1229 1723 1264 oon
1741 1211 1872 1267 cademo-

123 1299 159 1352 53
178 1295 366 1358 immittendi?
386 1301 471 1367 Atque
488 1295 525 1347 ita
542 1293 622 1347 etiarn
643 1292 754 1346 memini
773 1309 815 1344 rue
837 1291 917 1346 adoo
930 1293 1005 1346 Prae·
1054 1296 1159 1348 cunibus
1177 1299 1349 1363 conveniunt,
1368 1316 1417 1352 nec
1436 1309 1542 1364 nature,
1561 1315 1627 1369 quae
1645 1315 1691 1368 per
1705 1299 1875 1352 consuetudi·

181 1388 241 1444 sido
260 1385 408 1448 audivisse.
424 1383 494 1450 ‹tttod
516 1395 669 1448 responsum
691 1377 752 1428 sita
772 1375 892 1430 facultate
911 1377 960 1428 hac
972 1377 1003 1426 il·
1055 1379 1157 1430 nemin
1170 1377 1230 1431 istis
1245 1377 1390 1450 opificibus
1403 1383 1549 1446 alteratur,
1561 1379 1686 1433 omuibus
1698 1391 1738 1433 est
1751 1382 1854 1434 eadem.

179 1471 280 1536 lustri,
305 1487 364 1522 eum
397 1464 488 1518 rustici
516 1480 636 1534 agrorum
669 1459 933 1530 irrferiururuarmis
959 1459 1006 1513 diu
1090 1463 1162 1532 Quid
1182 1465 1347 1517 sentiendum
1364 1463 1397 1518 de
1415 1466 1517 1530 cloaca,
1535 1481 1613 1532 quem
1640 1465 1753 1517 solemus
1779 1481 1872 1518 vocare
1890 1459 1924 1510 'il

181 1567 312 1626 noctuque
332 1549 490 1606 excubarent
507 1557 589 1620 atquc
613 1553 742 1598 terrerent
760 1555 884 1611 caeteros,
902 1561 936 1598 ne
948 1561 1006 1615 pos·
1055 1544 1251 1610 necessarium,
1271 1563 1303 1598 en
1322 1549 1355 1600 ad
1373 1565 1460 1601 aream
1480 1547 1560 1603 ricini
1581 1545 1654 1600 illam
1673 1548 1703 1599 in
1720 1557 1811 1602 nostro
1828 1563 1873 1602 ex.

183 1649 244 1693 Ἧι
257 1635 404 1708 Piifffli‘ii·
1055 1645 1141 1688 truerc
1158 1631 1238 1688 licet?
1256 1633 1410 1704 Negatiram
1429 1635 1536 1689 suadere
1555 1635 1657 1688 ridetur
1676 1633 1741 1687 ratio
1768 1634 1873 1688 immis-

129 1723 165 1774 Μ
223 1721 348 1792 Sequitur
368 1714 480 1770 ulterius
499 1713 532 1767 ‹le
550 1713 715 1767 immissione
733 1711 843 1767 foetoris
868 1728 927 1777 ,ιιι
946 1710 1005 1781 quis
1056 1719 1153 1784 sioni„
1173 1735 1240 1789 qu„
1257 1735 1338 1786 ,eque
1357 1719 1400 1770 hic
1419 1717 1457 1772 ⁰13
1485 1719 1514 1770 qn
1541 1717 1759 1788 prandentibus
1782 1728 1871 1788 pole„
1919 1717 1922 1724 .

188 1805 235 1859 iiia
253 1806 282 1858 in
302 1821 347 1858 ιιιο
364 1801 450 1856 fecere
470 1798 565 1870 possit,
583 1815 617 1854 ex
636 1797 730 1868 quibus
742 1797 825 1850 foetor
843 1797 872 1851 iu
890 1797 1006 1850 alienum
1056 1801 1141 1854 reddi.
1161 1803 1213 1855 Sed
1233 1801 1405 1856 distinctione
1424 1804 1500 1856 illam
1520 1803 1643 1856 decidere
1663 1801 1726 1854 licet
1742 1803 1872 1872 quaestio·
1891 1791 1926 1843 Τ)

186 1885 361 1946 inmittetur?
382 1885 427 1939 ubi
447 1884 553 1955 quidem
567 1885 658 1937 rtatim
670 1883 777 1953 excipio
792 1882 867 1935 illum
880 1879 1005 1946 odorem,
1056 1901 1135 1951 nem,
1153 1877 1210 1938 scil„
1224 1884 1402 1952 suterigimus
1416 1886 1527 1938 cloacam
1542 1885 1573 1936 ad
1587 1883 1714 1954 parietem
1729 1885 1771 1936 rel
1784 1901 1872 1938 aream

191 1979 237 2050 qui
254 1977 359 2048 qindem
382 1973 505 2028 delicatis
527 1971 634 2026 naribus
652 1969 729 2026 facile
744 1972 831 2041 grecis
844 1978 871 2024 et
883 1970 1008 2023 molestus
1057 1969 1154 2035 sicini,
1171 1987 1247 2038 quam
1267 1970 1368 2040 pariter
1386 1968 1488 2024 ricinus
1507 1970 1644 2033 sordibus,
1660 1969 1778 2040 limoque
1791 1968 1871 2024 deest.

190 2062 299 2126 existit,
315 2075 424 2130 qttorum
444 2057 617 2112 contradictio
636 2057 785 2110 frustranea
806 2053 874 2108 foret
885 2089 893 2119 ,
914 2063 938 2106 el
950 2054 1004 2106 iut-
1056 2057 1141 2124 until,
1159 2065 1205 2108 aul
1221 2055 1255 2107 nd
1274 2054 1380 2108 hortum
1398 2051 1608 2125 aedificiumque.
1627 2057 1714 2108 Priori
1730 2073 1790 2107 casu
1803 2057 1868 2126 quin
1888 2053 1923 2106 '13

189 2145 342 2199 missionem
361 2141 493 2212 impedire
510 2141 637 2208 nequiret.
650 2157 708 2209 erg.
725 2139 745 2189 l.
763 2139 789 2190 8.
808 2144 831 2200 ς.
848 2139 874 2188 6.
885 2137 932 2189 ibi:
946 2154 1005 2189 non
1054 2141 1145 2206 liceat,
1161 2140 1261 2192 nullum
1282 2137 1357 2192 rideo
1377 2140 1524 2204 rationem,
1542 2157 1603 2193 oum
1631 2155 1718 2202 resera
1743 2141 1871 2210 sicinus,

131 2229 168 2278 57
183 2244 306 2300 grnucm.
317 2225 359 2298 ff.
387 2225 413 2278 ai
429 2241 496 2280 reru.
513 2223 590 2276 vind.
616 2221 668 2275 Sed
693 2219 810 2292 quaestio
836 2218 1004 2290 supponenda
1056 2217 1179 2275 damnum
1199 2239 1246 2292 per
1262 2217 1389 2276 foetorem
1408 2219 1482 2287 dari,
1502 2240 1554 2275 oon
1573 2221 1657 2292 possit
1678 2221 1776 2291 queri,
1809 2241 1873 2292 quo.

186 2312 220 2366 de
236 2311 318 2366 odoro
337 2305 513 2379 graveolenti,
531 2317 558 2359 el
574 2302 777 2377 pestifero,ex
794 2321 846 2373 qno
860 2319 904 2356 aer
918 2299 1003 2366 inlici,
1056 2307 1127 2360 niam
1145 2309 1217 2360 1002,
1237 2307 1286 2361 {310
1303 2305 1414 2369 foetori,
1446 2319 1522 2377 „que
1551 2308 1674 2361 ,πρίω
1705 2310 1872 2378 excipiendi·

185 2395 329 2464 morbique
358 2391 429 2448 ocsci
448 2399 562 2460 possetne
581 2388 614 2444 Et
631 2390 732 2457 eejam
750 2385 880 2457 pertinent
897 2384 1005 2456 pellipu·
1054 2403 1230 2454 consecratum
1248 2407 1295 2442 nec
1313 2389 1416 2443 attendi
1437 2391 1532 2456 debet,
1550 2392 1621 2462 quod
1641 2408 1688 2462 per
1708 2394 1874 2448 riciniclca-
1891 2393 1927 2446 ‘ll

184 2481 240 2544 rii,
258 2478 388 2540 fullones,
403 2473 579 2546 sulphurarii,
593 2489 703 2543 quorum
716 2469 874 2525 exercitium
889 2486 933 2522 seu
945 2466 1002 2538 opi·
1054 2493 1109 2530 um
1129 2475 1180 2528 in,
1198 2473 1263 2527 odor·
1281 2473 1447 2526 inermem,
1467 2474 1569 2544 capiat,
1590 2474 1670 2529 modo
1696 2478 1873 2530 mmmmm

184 2563 276 2619 licium
295 2563 323 2616 in
341 2560 445 2631 egregio
462 2556 582 2612 consistit
601 2554 717 2620 foetore,
735 2572 837 2625 exquo
856 2565 1005 2617 noscuntur,
1056 2557 1120 2611 illud
1141 2566 1213 2610 tanto
1232 2556 1316 2627 spatio
1336 2554 1418 2608 distet
1436 2575 1450 2608 ιι
1470 2555 1552 2610 ricini
1571 2575 1645 2622 area,
1674 2569 1702 2612 ut
1731 2559 1802 2612 nolh
1829 2579 1875 2614 er-

132 2647 167 2700 58
186 2660 325 2720 antequam
346 2647 519 2698 innotescent.
538 2639 681 2712 Quaeritur
695 2655 773 2707 ergo,
786 2647 947 2708 poteruntne
958 2655 1003 2690 ex·
1054 2649 1190 2694 crementa
1205 2639 1232 2692 in
1253 2640 1325 2693 illam
1346 2638 1460 2692 immitti
1479 2639 1604 2708 possint,
1621 2640 1704 2694 multo
1724 2643 1812 2696 minu,
1827 2644 1871 2697 n..

183 2734 263 2805 pelli,
281 2741 327 2784 aut
344 2728 433 2782 saltem
452 2725 518 2778 artis
536 2717 694 2777 exercitium
716 2722 749 2775 iis
763 2721 889 2774 interdici
909 2719 1001 2776 arici·
1053 2722 1099 2776 bct
1117 2735 1282 2777 exstructum
1304 2741 1360 2776 csse
1377 2723 1410 2774 ad
1428 2725 1555 2792 parictem
1573 2723 1657 2778 ricini
1671 2743 1727 2796 erg.
1740 2727 1758 2779 i.
1785 2729 1827 2779 1³.
1841 2741 1869 2782 et

128 2819 163 2870 59
182 2819 227 2870 nis
245 2816 281 2870 ob
298 2815 422 2868 damnum
442 2807 566 2863 illatum?
586 2805 744 2878 Deneganda
761 2806 824 2860 baec
836 2805 946 2860 facultas
960 2805 999 2860 ti·
1054 2805 1143 2876 inff-
1157 2809 1222 2862 der.
1235 2826 1299 2878 up.
1325 2806 1409 2860 Sicuti
1430 2816 1497 2860 etam
1518 2809 1626 2879 insuper
1646 2811 1765 2864 Saxones
1783 2816 1871 2882 requi,
1893 2784 1927 2839 nt

181 2901 279 2962 detur,
296 2895 358 2968 quia
377 2913 423 2950 suo
439 2895 497 2963 iure
507 2893 553 2944 isti
566 2888 677 2962 opifices
696 2899 818 2955 utuntur,
839 2889 1000 2944 nemoenim
1053 2902 1114 2945 runt
1124 2892 1188 2946 duaa
1205 2889 1248 2945 die
1266 2890 1469 2956 Hcimlicfrlrer't,
1494 2891 1538 2945 die
1562 2911 1646 2964 gegen
1671 2894 1746 2949 einer
1765 2897 1869 2952 andem

181 2985 214 3038 in
232 2982 298 3036 erlis
316 2997 375 3034 suae
394 2977 524 3034 exercitio
541 2977 704 3042 turbandus,
718 2975 782 3045 quio
794 2977 883 3046 potius
895 2976 924 3029 io
938 2986 1001 3040 arte,
1051 2974 1315 3044 Hoffiiberstelren,
1334 2975 1387 3028 biae
1410 2979 1440 3028 r'n
1465 2975 1507 3028 die
1519 2978 1596 3030 Erde
1608 2977 1749 3032 bctur'rclret
1759 2981 1873 3036 werden,

127 3070 162 3120 tto
179 3085 261 3139 quem
281 3065 393 3130 didicit,
412 3075 493 3117 semet
510 3063 620 3134 quisquc
638 3070 778 3115 exercens
796 3059 864 3130 quod
883 3077 942 3116 vero
967 3076 1000 3112 ex
1051 3057 1207 3116 Landredrt
1219 3061 1238 3113 l.
1250 3061 1275 3112 2.
1288 3069 1342 3113 ort.
1361 3060 1406 3114 tlt.
1424 3059 1535 3113 linricus
1556 3058 1594 3118 ud
1604 3071 1623 3126 ς.
1638 3066 1662 3112 1.
1676 3060 1749 3131 irus.
1764 3063 1827 3118 inst.
1840 3065 1873 3120 de

178 3156 227 3208 illo
241 3151 367 3204 exercitio
386 3149 449 3202 baec
465 3149 565 3202 oriatur
585 3146 721 3209 molestia,
739 3143 802 3214 quiri
824 3143 885 3197 lude
910 3145 1001 3216 eulpae
1050 3145 1143 3198 servin
1153 3143 1247 3214 proed.
1267 3141 1359 3216 Quoad
1381 3143 1552 3216 posteriorem
1573 3163 1634 3199 sero
1652 3164 1750 3212 cesum,
1769 3149 1870 3220 puriter
1892 3136 1927 3188 7⁸

178 3237 309 3308 imputari
328 3233 425 3306 poterit
442 3229 599 3301 opificibus,
618 3229 741 3300 qnoniam
757 3243 804 3297 per
816 3244 860 3279 eos
873 3244 926 3281 oon
939 3238 1000 3291 stat,
1050 3229 1151 3284 licitam
1171 3227 1238 3280 dicit
1255 3227 1355 3280 cloccae
1372 3229 1584 3284 exstructionem.
1604 3227 1866 3303 do.Cerpr.or.p.1,

181 3321 231 3391 qui
251 3337 303 3372 non
323 3326 433 3390 possunt
452 3315 548 3374 fecere,
570 3324 598 3366 ut
616 3330 658 3367 rea
676 3311 786 3366 sordide·
797 3320 823 3364 el
836 3309 935 3364 foetida
948 3330 999 3366 nun
1049 3312 1126 3367 decia.
1146 3312 1206 3364 108.
1224 3310 1314 3381 ibique
1324 3310 1488 3381 praeiudicio
1501 3309 1641 3366 confirmat
1650 3351 1660 3380 ‚
1677 3315 1712 3367 ob
1725 3315 1872 3385 rationem,

126 3425 159 3478 οι
179 3407 262 3460 oleat·
280 3401 388 3456 Interim
410 3401 504 3456 melius
522 3397 550 3450 in
564 3398 613 3450 lrac
625 3396 801 3451 controversia
820 3393 947 3467 sopienda
959 3395 999 3448 di·
1048 3397 1109 3466 quin
1128 3395 1230 3448 viciuos
1255 3396 1344 3449 locum
1362 3395 1540 3449 necessarium
1560 3395 1588 3448 in
1607 3397 1708 3467 pariete
1727 3415 1773 3454 ιιιο
1797 3401 1871 3454 aedl·

180 3485 470 3558 rriugasudumpoto,
488 3499 522 3534 an
540 3479 600 3549 quis
618 3497 673 3533 rem
692 3477 818 3532 foetidam
831 3489 951 3533 exerceat
971 3479 998 3532 in
1049 3477 1130 3534 ficana
1148 3496 1195 3534 auo
1213 3481 1271 3548 iure
1289 3479 1396 3545 utitur,
1414 3489 1441 3533 el
1460 3478 1522 3532 binc
1541 3479 1643 3534 nemini
1663 3481 1867 3552 facitinjurism

178 3576 240 3627 loeo
259 3571 327 3636 illo,
346 3568 392 3622 ubi
412 3565 588 3620 communiter
607 3562 650 3617 isti
667 3559 777 3634 opifices
795 3575 1000 3630 commorantur,
1050 3563 1068 3616 i.
1086 3563 1112 3616 ll·
1130 3563 1152 3630 §.
1167 3557 1235 3630 ¹·ff
1247 3559 1281 3615 cie
1293 3563 1371 3616 cond.
1384 3563 1527 3616 canssdee.
1541 3579 1618 3618 cous.
1631 3581 1688 3618 non
1699 3578 1780 3621 secut.
1796 3569 1814 3620 l.
1826 3569 1872 3621 55.

125 3675 159 3726 ω
177 3675 216 3712 ιιι
236 3672 297 3710 rero
315 3662 388 3708 extra
409 3653 492 3706 illum.
512 3649 599 3702 Priori
619 3665 678 3700 casu
696 3648 781 3701 accola
801 3645 870 3701 ferre
897 3656 1000 3700 tenetur
1042 3644 1126 3716 ιθ’,ιὶι
1150 3662 1173 3699 r·
1193 3644 1215 3714 1⁸·
1229 3647 1328 3698 Verum
1349 3645 1484 3702 enimtcro
1501 3647 1564 3702 baec
1581 3647 1691 3704 libertas
1710 3651 1738 3703 ia
1757 3669 1803 3707 suo
1823 3673 1866 3708 ea·
1887 3645 1922 3697 ’Π

177 3743 264 3796 istum
292 3737 435 3802 foetorem,
459 3745 503 3790 aut
526 3733 637 3799 cedere,
663 3733 741 3786 hebet
763 3733 835 3784 enim
859 3733 928 3802 quod
948 3733 1001 3786 sibi
1051 3729 1171 3785 struendi
1190 3729 1318 3797 vulgatam
1335 3728 1435 3800 petitur
1454 3731 1665 3797 restrictionem,
1684 3733 1770 3804 siper
1794 3737 1868 3791 illam

178 3829 310 3893 inmutet,
330 3820 394 3874 dnm
412 3820 441 3874 iu
459 3820 508 3872 illc
535 3819 592 3872 loco
617 3815 770 3870 aedificium
796 3816 939 3881 struxerit,
958 3826 1003 3870 aut
1051 3812 1149 3882 eliquid
1170 3813 1198 3865 ln
1216 3813 1332 3867 alienum
1351 3812 1501 3868 immittant.
1521 3813 1593 3867 iiiuc
1611 3817 1704 3870 saltem
1722 3817 1869 3874 discutien-
1890 3812 1925 3864 Ἠ

175 3907 355 3971 maduerit,
379 3903 423 3958 ulti
451 3902 588 3957 constabat
605 3899 679 3954 illam
700 3899 817 3952 exerceri
850 3898 997 3953 sorditiem
1051 3895 1130 3958 dum,
1149 3911 1181 3946 an
1200 3895 1263 3948 tanti
1283 3895 1320 3946 eit
1339 3893 1402 3948 baec
1420 3893 1553 3951 immissio
1571 3895 1690 3964 foetoris,
1709 3909 1738 3952 ut
1766 3901 1871 3956 vincula

126 3995 159 4046 et
178 3993 303 4060 lectioque
322 3998 396 4042 recte
413 3988 441 4040 iu
461 3984 626 4056 possessione
644 3982 795 4035 defenditur
808 3979 882 4047 fullo,
899 3983 1001 4055 quippe
1052 3976 1297 4032 libertati-alterius
1313 3977 1422 4048 injicere
1440 3979 1551 4050 possit?
1579 3981 1708 4054 Equidem
1727 3986 1869 4044 arbitrium

175 4079 226 4148 qui
248 4073 321 4144 prior
341 4081 473 4141 ternpore,
492 4079 518 4122 et
531 4068 595 4120 binc
612 4065 700 4138 potior
720 4063 799 4116 etiam
817 4065 883 4133 jure·
901 4083 961 4136 urg.
982 4068 1000 4120 l.
1049 4061 1145 4128 jurlicls
1164 4071 1190 4114 et
1207 4059 1341 4129 inspectio
1360 4077 1491 4131 uunquam
1518 4061 1561 4116 bie
1583 4065 1740 4135 seponenda,
1759 4070 1865 4126 interim

126 4160 157 4211 bl
176 4160 227 4212 33.
239 4159 273 4210 de
284 4156 333 4226 leg.
347 4157 371 4212 l.
384 4170 408 4208 e.
420 4152 446 4203 ll.
460 4161 486 4206 et
497 4148 583 4218 1²·ff·
594 4148 642 4220 qui
650 4157 710 4216 ροι.
724 4147 754 4200 in
770 4145 846 4217 pigri.
861 4145 892 4201 Et
905 4167 1000 4218 quaro-
1050 4154 1126 4216 ριιιιι,
1145 4142 1224 4196 nimii
1241 4139 1350 4197 foetoris
1368 4143 1563 4199 immissionem
1575 4149 1795 4220 aequiparandam
1809 4173 1869 4212 erae

177 4247 223 4296 ris
243 4242 310 4294 forte
327 4257 374 4312 per
392 4240 498 4306 longum
518 4247 622 4304 tempus
638 4249 682 4284 ars
700 4232 745 4283 illa
764 4247 815 4282 oon
828 4229 910 4282 fuerit
922 4249 996 4284 ecer-
1050 4229 1209 4285 immissioni
1229 4229 1337 4297 alicujus
1357 4229 1440 4282 trabis
1457 4239 1502 4284 aut
1518 4230 1614 4288 lorium
1633 4233 1867 4308 fragmentorum,

176 4329 253 4389 cita,
283 4325 320 4376 ita
345 4331 372 4374 ιιι
398 4321 490 4388 iustam
516 4315 692 4387 ignorantiam
718 4313 885 4386 praetendere
901 4317 997 4386 possit,
1047 4333 1112 4384 qnae
1131 4331 1264 4386 nunqnam
1284 4323 1383 4366 tantem
1405 4315 1553 4368 molestiam
1578 4317 1757 4390 demuumque
1779 4325 1866 4381 ricino

177 4413 247 4464 laute
265 4420 351 4464 temen
369 4405 442 4458 elteri
461 4420 514 4456 uon
532 4404 573 4472 jus
593 4399 749 4473 probibendi
764 4400 922 4469 quaesitum,
934 4420 997 4470 quo-
1047 4416 1134 4454 creure
1151 4407 1264 4469 possunt
1281 4415 1310 4449 ac
1328 4395 1411 4452 foetor
1430 4397 1574 4468 ejusmodi,
1594 4403 1647 4468 jam
1666 4421 1727 4458 cero
1749 4405 1784 4458 ob
1801 4425 1865 4480 pro.
1886 4411 1922 4462 w

178 4496 256 4550 uiam
276 4493 342 4546 artic
360 4489 516 4543 exercitium
535 4496 576 4539 est
592 4500 633 4538 res
651 4501 737 4536 merae
756 4481 893 4536 facultatis.
909 4501 965 4554 erg.
978 4486 995 4537 l.
1046 4482 1163 4554 pendens
1182 4479 1292 4552 aliquod
1305 4482 1464 4536 esseroulum
1474 4517 1485 4547 ,
1497 4491 1523 4535 et
1536 4486 1591 4538 lere
1609 4489 1751 4557 projectum
1765 4490 1794 4545 io
1809 4511 1866 4547 oreo

130 4589 161 4640 αι
179 4576 254 4648 zff.
269 4575 302 4628 de
315 4575 358 4628 oin
374 4572 445 4644 publ.
469 4580 496 4623 et
513 4570 628 4638 cogitare
646 4565 792 4627 debuisset,
812 4563 924 4618 futurum
944 4567 992 4618 ali-
1027 4565 1112 4619 ¹milri
1131 4565 1285 4620 destruendi
1302 4565 1393 4620 statim
1405 4565 1512 4620 licentia
1530 4570 1668 4638 competit.
1681 4571 1699 4621 l.
1716 4573 1759 4626 29,
1775 4573 1865 4645 pest,

180 4659 307 4733 quaudo,
322 4668 350 4712 ul
370 4657 466 4710 iterum
486 4654 563 4723 hujus
581 4653 685 4720 generis
709 4645 821 4702 artifices
847 4647 922 4701 sedes
939 4651 995 4719 pri.
1046 4651 1089 4704 ad
1109 4651 1126 4702 1,
1144 4650 1228 4723 aquil.
1252 4649 1279 4706 d.
1302 4649 1365 4702 ide
1389 4647 1483 4720 quidni
1501 4661 1529 4702 et
1547 4649 1696 4706 immissum
1720 4653 1866 4724 fretorum,

180 4748 265 4800 atinus
290 4744 345 4797 sint
369 4737 535 4812 occupaturi,
561 4745 608 4792 sut
636 4733 682 4806 qui
706 4732 993 4798 conquerentium
1041 4735 1087 4806 qui
1106 4751 1160 4788 non
1178 4733 1289 4786 doctum
1305 4741 1350 4786 eut
1368 4733 1450 4786 trium
1468 4732 1568 4804 pedum
1581 4735 1699 4804 spartum
1719 4739 1865 4796 tammo,

178 4829 245 4886 *Νὴ
264 4823 407 4898 “l’‘iifflii·
1044 4817 1108 4884 dut,
1127 4818 1173 4871 sed
1192 4827 1270 4874 tolam
1290 4833 1365 4884 saepe
1383 4835 1469 4870 arcem
1489 4813 1616 4871 infestet?
1645 4821 1759 4892 luneque
1782 4826 1865 4880 erim
1885 4821 1921 4872 eu

132 4947 163 4997 ω
216 4913 290 4984 Quid
309 4910 332 4964 si
351 4924 411 4962 cero
428 4902 557 4977 eiusmodi
576 4900 764 4957 luensinuebe
783 4897 1001 4952 ΐιιΙΙοιιῑΙιιιιιιιιιι
1044 4911 1159 4956 statuunt
1176 4901 1267 4968 ddres,
1287 4903 1358 4972 qnod
1377 4900 1423 4954 illa
1444 4900 1536 4954 illicita
1557 4903 1688 4958 immissio
1715 4925 1768 4962 oue
1794 4929 1865 4982 pm

178 4997 214 5046 sit
233 4993 395 5056 destinatus,
413 5007 446 5044 au
465 4989 579 5041 liberum
597 4986 648 5039 erit
666 4986 693 5036 in
710 4981 805 5052 quasis
822 4981 901 5035 domo
919 4982 993 5036 illem
1043 4983 1274 5038 ciseaestimandn
1292 4999 1325 5037 ex
1343 4982 1439 5038 damno
1457 4985 1573 5052 risibili,
1598 4986 1684 5042 ricino
1708 4991 1785 5060 dato,
1818 5000 1864 5052 „n

131 5057 261 5142 'martem
280 5093 402 5130 exercere
420 5074 448 5126 io
468 5071 669 5126 incommodum
682 5061 846 5122 vicinorum?
864 5065 995 5136 Nepeirc
1042 5063 1159 5131 sufficie,
1176 5066 1200 5117 si
1218 5066 1343 5120 damnum
1363 5067 1412 5118 tale
1431 5067 1467 5120 sit
1486 5067 1587 5122 ratione
1600 5072 1725 5126 materiae
1743 5075 1864 5132 substra-

181 5165 274 5218 ‹lomus
292 5162 337 5215 illa
356 5159 391 5214 sit
409 5157 556 5220 conducta,
575 5155 630 5208 sire
648 5151 757 5206 fullonis
776 5149 902 5220 propria.
922 5147 994 5202 Licet
1046 5163 1101 5216 ιιι,
1119 5151 1224 5203 ratione
1240 5149 1322 5206 ricini
1342 5151 1462 5222 praedii,
1480 5152 1543 5206 licet
1567 5154 1596 5206 in
1621 5172 1649 5209 ee
1674 5157 1792 5229 alioquin
1812 5165 1863 5218 rat,

178 5247 250 5300 euim
269 5247 326 5312 jura
342 5243 511 5315 permittant,
537 5249 565 5292 ut
591 5237 651 5306 quis
670 5237 699 5288 iu
717 5235 797 5287 domo
826 5250 870 5284 sua
898 5230 993 5295 faciat,
1044 5232 1311 5290 marturanensi.
1330 5235 1642 5312 Praesestruet.dejur.
1663 5257 1733 5298 rem,
1754 5247 1815 5300 (ηπ,
1840 5248 1865 5301 ρ,

177 5327 248 5402 quod
267 5327 344 5392 relit,
363 5326 440 5381 etiam
461 5324 492 5378 in
510 5323 636 5376 damnum
654 5321 742 5386 tertii,
762 5317 840 5372 modo
858 5316 913 5369 sibi
931 5333 993 5387 pro-
1043 5337 1066 5372 e.
1085 5319 1111 5370 3.
1129 5338 1164 5374 rr.v
1178 5319 1221 5372 tu.
1240 5318 1306 5372 iude
1323 5337 1375 5374 noo
1393 5320 1553 5378 admittenda
1572 5335 1613 5377 est
1630 5329 1802 5400 exceptioni
1824 5353 1866 5388 au·
1884 5323 1918 5374 ⁸¹

180 5414 249 5477 siut,
269 5427 354 5466 tamen
374 5410 501 5466 damnum
519 5409 569 5463 hoo
587 5424 639 5462 non
659 5407 697 5460 ita
716 5405 882 5477 permittunt,
900 5409 932 5468 ut
945 5403 995 5454 im·
1045 5415 1101 5458 otor
1120 5403 1197 5472 hujus
1214 5403 1356 5458 necessarii
1374 5403 1491 5472 diceret,
1518 5409 1617 5479 poteris
1642 5411 1710 5468 hune
1734 5413 1863 5474 smum

180 5497 306 5554 mittendo
326 5509 490 5559 exerceatur,
508 5503 592 5567 prout
604 5493 708 5563 saepius
733 5493 854 5546 iteratum
876 5487 962 5557 perd.
977 5489 994 5540 l.
1044 5507 1074 5542 er
1094 5501 1137 5543 tuo
1152 5501 1266 5544 stertere
1291 5505 1397 5542 murum
1421 5493 1586 5563 opponendo.
1617 5495 1684 5549 Nam
1705 5509 1734 5552 ut
1752 5505 1865 5572 taoem',

134 5583 166 5634 03
182 5585 265 5636 arr'rto
284 5588 306 5645 ς.
327 5583 351 5634 ³.
370 5585 423 5650 jem
443 5599 502 5636 reru
522 5597 568 5650 per
588 5579 657 5631 lrune
676 5577 797 5632 foetorcru
817 5593 861 5628 rer
874 5574 993 5626 redditur
1045 5573 1159 5626 nondum
1178 5575 1216 5626 ita
1232 5573 1323 5628 statim
1342 5575 1454 5628 coerceri
1474 5593 1550 5648 potae
1568 5577 1710 5645 foetorem,
1737 5585 1789 5650 jam
1811 5565 1865 5640 tufi

181 5666 388 5737 pestilentiosue,
408 5679 432 5720 et
450 5666 488 5720 sic
507 5663 583 5720 ncne
602 5663 722 5716 morbum
735 5660 834 5718 ricinus
854 5658 894 5714 rel
907 5657 991 5730 ipsius
1043 5657 1099 5730 ipsa
1118 5657 1251 5712 immissio
1270 5657 1311 5711 sui
1330 5661 1538 5716 carucatarum
1560 5664 1587 5718 in
1607 5682 1654 5719 sno
1678 5669 1766 5724 reddit
1785 5670 1863 5723 illiri-
