4414 6220
218 255 275 314 815
533 257 583 312 DE
601 259 890 322 Pntvttnctontrtt
909 259 1153 320 CONCESSIONE
1172 259 1223 319 AC*
1236 261 1471 320 neronstottr.
1745 271 1799 328 318

163 355 300 421 Princeps
311 366 349 406 err
362 357 491 410 urentur
500 367 611 410 terrare
621 362 812 416 concurrum?
823 379 851 414 ιι.
862 363 905 418 ³0.
1033 376 1086 412 non
1100 359 1201 414 diutius
1214 358 1406 430 immoremur,
1426 359 1471 416 sed
1490 357 1578 433 potins
1595 359 1752 420 berceolum
1770 368 1852 424 lecto-¹

164 441 206 495 ω
217 439 343 494 delictum
354 441 696 516 reuocaturprioiiegium.
708 465 735 502 ιι.
750 449 792 503 33,
1034 460 1090 496 rem
1103 445 1137 498 ad
1150 445 1274 514 allegatos
1288 447 1341 514 jam
1357 456 1414 498 tum
1429 445 1476 506 dd.
1486 446 1660 500 remittamus.

160 527 212 578 Aa
229 523 356 592 princepr
379 521 527 581 concedere
540 530 628 599 possit
648 530 797 602 privileg&
813 534 985 593 mmm?
1072 526 1188 580 Omissir
1212 528 1295 596 igitur
1319 529 1568 599 praeliminaribus,
1584 531 1782 588 occasionaliter
1796 531 1886 590 sal-i

193 623 221 658 ι.
241 607 286 658 85.
1035 617 1104 674 tem,
1122 609 1186 680 qnid
1205 611 1239 665 sit
1255 613 1329 680 quasi
1348 612 1540 682 privilegium,
1567 614 1611 666 bic
1635 625 1743 684 tangere
1767 618 1848 674 lubet.

156 691 213 745 me
224 689 408 762 attingetur.
421 705 449 742 ιι.
463 691 506 746 eit.
1034 691 1124 760 Hujus
1141 711 1202 746 rem
1220 697 1372 765 exemplum
1387 695 1501 750 hebetur
1517 697 1548 750 ιἰι
1565 697 1584 750 Ι.
1603 699 1648 751 21.
1660 696 1792 770 §fimffi
1805 717 1850 756 ro·

156 771 262 826 ffittree
274 789 331 826 nnn
342 784 456 839 ροιιιιιιι
461 776 603 848 pertulere
610 795 663 853 pm
675 779 748 836 eliis.
760 801 786 840 tt.
801 784 844 848 ³2
1032 774 1072 828 tut
1090 788 1169 830 matr.
1189 791 1223 830 sc.
1240 778 1347 847 qnando
1366 781 1463 832 mulier
1481 779 1510 832 in
1529 780 1680 836 conditione
1698 783 1786 839 mariti
1805 781 1847 836 er'·

159 857 323 912 tanturm.
336 875 364 909 n.
378 859 423 912 88.
1030 862 1126 914 rurerit
1144 862 1325 932 putareritque
1341 879 1399 916 esse
1416 864 1546 930 liberum,
1565 879 1626 918 cum
1646 875 1734 920 tamen
1761 882 1849 921 serens

154 941 207 994 Be
217 957 340 1010 quonam
350 941 547 1015 priuilegiojua
557 956 706 1011 pamm
716 949 886 1008 aaronem?
896 971 924 1008 η,
937 955 980 1006 ιο,
1033 955 1113 1009 esset,
1126 945 1234 998 concedi
1253 955 1358 1016 oportet
1376 947 1451 1017 quasi
1470 948 1640 1019 privilegium
1659 950 1688 1002 in
1706 949 1784 1004 bouis
1798 966 1852 1004 me·

157 1026 209 1078 A„
220 1025 349 1102 princeps
357 1025 662 1104 privilegiummjam
672 1049 799 1091 mm,
812 1037 982 1094 Μινώα...
1031 1025 1077 1077 riti
1098 1028 1225 1093 mulieri,
1245 1038 1274 1080 ut
1290 1030 1313 1080 si
1332 1027 1402 1082 torte
1418 1031 1464 1082 alii
1490 1031 1579 1088 adsint
1601 1033 1766 1100 creditores,
1786 1034 1851 1087 brac

117 1157 120 1164 .
180 1105 343 1162 ,mnudere
352 1108 460 1177 poerit?
470 1128 498 1164 ιι.
511 1110 555 1168 ib
1033 1109 1193 1178 praeferetur
1215 1112 1284 1164 circe
1304 1110 1336 1162 de
1356 1113 1462 1184 peculio
1479 1115 1628 1180 actionem,
1646 1125 1673 1168 et
1689 1119 1729 1170 eie
1742 1117 1849 1172 nibilo-

155 1191 334 1262 ssremplum.
348 1209 376 1243 ιι.
390 1191 434 1246 ld.
1032 1194 1122 1246 minus
1140 1195 1262 1262 quamsit
1281 1194 1317 1246 sit
1335 1197 1537 1250 matrimonium
1558 1199 1723 1266 putativum,
1742 1201 1849 1270 privile·

155 1275 339 1344 Prior'legiueu
350 1279 485 1344 posterius
497 1297 554 1334 nort
566 1283 731 1356 toliitprr'm.
743 1304 772 1341 ι.
784 1285 829 1340 ιι.
1031 1277 1103 1344 ginrn
1123 1288 1209 1332 temen
1227 1278 1319 1330 tacitee
1338 1277 1500 1348 hypothecae
1518 1291 1639 1350 respectu
1658 1279 1728 1334 dotis
1746 1299 1849 1354 compe·

159 1356 319 1416 firnitctur.
331 1375 360 1410 ιι.
377 1357 421 1412 15.
1033 1369 1079 1413 ιιι.
1100 1360 1188 1425 Atius,
1205 1361 1268 1430 quia
1287 1363 1337 1412 boc
1355 1363 1558 1415 matrimonium
1578 1373 1621 1418 est
1638 1365 1698 1434 ipso
1715 1368 1774 1432 jure
1791 1369 1849 1418 nul·

160 1441 288 1508 fflidr'tur
297 1446 485 1512 repugnantia.
499 1447 641 1502 ιι.18.17.
1032 1442 1104 1506 lunt,
1118 1458 1177 1494 cum
1191 1443 1291 1506 terrie,
1311 1454 1389 1512 prout
1401 1446 1429 1496 in
1443 1463 1520 1497 aensn
1538 1447 1605 1514 juris
1623 1449 1726 1500 romani
1741 1451 1850 1520 cupiun-

158 1524 210 1576 An
223 1526 253 1578 r'n
266 1521 347 1580 dudio
359 1525 485 1596 princeps
500 1530 622 1588 rideatur
644 1547 677 1586 co
690 1535 801 1592 medere
812 1537 982 1611 priuilegio?
1031 1538 1080 1591 tur,
1093 1527 1181 1578 omnis
1194 1526 1363 1580 contrahendi
1379 1529 1541 1582 matrimonii
1553 1531 1660 1582 licentia
1673 1534 1706 1584 rit
1717 1530 1847 1602 adempta,

194 1625 222 1658 rr.
240 1606 284 1661 18.
1029 1621 1053 1665 et
1065 1628 1112 1682 per
1123 1626 1285 1680 consequens
1297 1611 1378 1664 etiarn
1391 1612 1462 1663 nulla
1479 1610 1526 1664 dos
1539 1614 1664 1666 constitui
1680 1616 1773 1684 poerit,
1786 1617 1847 1670 ideo

167 1691 502 1763 Rerpondcturnegutiue.
515 1715 542 1751 ιι.
558 1699 601 1752 ttn.
1031 1711 1133 1765 quoque
1151 1711 1199 1747 nec
1218 1711 1285 1748 uror
1310 1711 1399 1748 rerum
1424 1697 1592 1766 privilegium
1612 1698 1640 1747 in
1661 1698 1738 1750 bonis
1755 1701 1849 1752 meriti

162 1777 348 1849 construuntur
360 1783 427 1834 lsaec
438 1787 581 1840 cententio·
594 1803 620 1840 ιι
634 1785 677 1838 51.
1030 1782 1127 1834 babere
1145 1779 1256 1848 poterit,
1273 1793 1338 1830 cum
1358 1789 1480 1830 cessante
1495 1781 1670 1832 matrimonio
1687 1791 1773 1832 cesset
1783 1783 1847 1846 dos,

162 1861 343 1932 Priuilegium
360 1881 417 1918 nnn
433 1869 629 1936 praestituitur,
642 1867 693 1922 red
701 1869 885 1940 prodendum.
897 1890 924 1928 tr.
937 1873 981 1928 52.
1031 1875 1151 1919 cessante
1170 1879 1231 1916 rero
1250 1862 1328 1926 dote,
1347 1871 1432 1915 cesset
1447 1879 1551 1933 quoque
1569 1865 1735 1930 privilegium
1748 1867 1849 1918 ratione

166 1947 214 1996 An
227 1947 378 2018 retorqueri
386 1952 475 2016 possit
483 1951 717 2023 priuilegiumia.
730 1955 775 2008 53.
1032 1949 1102 2002 dotis
1122 1947 1336 2000 concedendurn:
1363 1947 1419 2010 jure
1448 1956 1534 1999 temen
1562 1947 1624 1998 buic
1650 1946 1754 1998 mulieri
1773 1963 1848 2000 servo

164 2029 336 2101 Exemplum.
351 2051 376 2086 ιι.
391 2033 435 2089 tt.
473 2073 475 2078 .
1031 2030 1162 2095 nubenti,
1184 2047 1244 2082 curn
1265 2030 1349 2081 sitin
1368 2033 1433 2081 bons
1451 2026 1520 2092 fide,
1539 2046 1651 2098 eumque
1668 2046 1771 2082 serrum
1790 2047 1848 2082 eree

162 2113 293 2169 Diversae
304 2115 347 2170 dd,
362 2117 507 2186 opiniones
518 2119 700 2176 adduam,
713 2141 740 2176 ῃ,
754 2123 796 2187 ω,
1031 2116 1148 2188 ignoret,
1166 2131 1200 2166 ue
1219 2112 1286 2166 sorte
1304 2110 1429 2166 damnum
1450 2114 1555 2182 aliquod
1574 2101 1737 2179 incurreret,
1748 2114 1836 2168 t'rrore

160 2194 372 2270 aspernantium
384 2204 511 2256 retieret.
524 2223 552 2258 ιι.
566 2205 610 2258 titt.
1030 2201 1109 2251 simut
1127 2197 1198 2248 dotis
1215 2211 1367 2249 succurrere
1385 2199 1537 2260 voluerunt,
1551 2196 1718 2248 concedendo
1730 2197 1781 2266 ipsi
1797 2197 1846 2252 boc

160 2283 323 2352 Negantrirm
338 2285 508 2341 rationem.
522 2290 564 2341 57.
780 2305 798 2332 κ
1029 2285 1104 2354 quusi
1118 2283 1287 2355 privilegium
1305 2281 1334 2334 in
1355 2282 1433 2334 bonis
1452 2281 1557 2344 mariti,
1571 2292 1598 2333 et
1615 2284 1732 2351 quidem,
1747 2283 1787 2334 uti
1799 2300 1846 2332 rn-

158 2365 430 2424 Concilinnturr'llue
442 2369 528 2441 iprae.
542 2389 569 2426 n.
583 2373 626 2426 58.
1032 2379 1071 2421 tea
1091 2368 1218 2430 dictum,
1237 2366 1340 2418 ratione
1364 2366 1479 2418 actionis
1497 2364 1530 2417 de
1548 2368 1650 2436 peculio
1673 2366 1716 2418 du.
1744 2366 1845 2418 Brnnn.

156 2452 263 2505 Haeres
275 2455 594 2526 penderrteconfiutione
607 2457 980 2532 inventariittenpotertcon·
1028 2451 1067 2504 “d
1082 2449 1109 2503 d·
1134 2452 1153 2502 Ι·
1173 2451 1216 2502 22·
1231 2448 1273 2518 ff·
1297 2449 1348 2501 ⁸⁰¹·
1373 2459 1450 2498 ''¹⁰²'-
1469 2467 1497 2502 n.
1525 2451 1567 2502 ¹7·
1587 2451 1663 2502 200³·
1689 2451 1727 2502 td
1747 2451 1786 2502 tic
1801 2449 1844 2518 ff·

190 2535 383 2590 uenirdrntiti.
603 2571 606 2576 n
1029 2536 1061 2590 de
1070 2537 1137 2608 jure
1159 2536 1215 2588 dot.
1240 2551 1268 2588 ιι.
1289 2533 1333 2586 25.
1353 2533 1480 2586 bncnltel.
1498 2532 1531 2588 dc
1546 2533 1669 2604 privileg.
1688 2535 1708 2590 l.
1728 2538 1754 2586 1.
1771 2551 1795 2588 c.
1817 2541 1842 2586 1.

161 2617 415 2674 ιίιιιιιιιιιιι.ιι.61.
1028 2637 1056 2674 ιι.
1082 2623 1126 2672 tu.

159 2704 351 2760 neronianam
361 2703 569 2778 privilegiorum
582 2723 640 2764 nort
653 2709 716 2764 adut
723 2706 853 2766 brendon
869 2726 925 2765 eree
940 2707 976 2762 lt'·
1064 2704 1117 2758 Sed
1135 2720 1196 2757 cum
1213 2718 1286 2756 orsus
1305 2702 1351 2756 bic
1368 2701 1463 2767 bodie,
1482 2701 1528 2756 nbi
1548 2701 1648 2756 snblrta
1668 2700 1757 2755 serviti
1777 2717 1843 2754 oon-

196 2786 318 2842 mitutur.
334 2808 361 2841 ιι.
375 2790 420 2841 bd·
1027 2787 1130 2850 ditione
1146 2807 1240 2843 ornnes
1256 2789 1395 2853 homines,
1413 2790 1532 2859 exceptis
1550 2787 1739 2858 quadamtenus
1759 2791 1846 2840 adbuc

158 2869 251 2924 Aliud
260 2873 413 2936 exemplum
426 2875 685 2939 retorsionr'saedl,
1026 2875 1146 2944 propriis
1164 2876 1339 2939 bominibus,
1358 2873 1414 2926 sint
1432 2873 1533 2937 liberi,
1550 2889 1659 2944 prorsus
1678 2874 1715 2924 sit
1733 2872 1841 2924 inutilis

160 2955 244 3022 Quod
255 2953 395 3012 limitetur.
409 2975 436 3007 ιι.
450 2957 493 3010 85.
1025 2975 1057 3011 ec
1075 2968 1211 3031 propterea
1229 2959 1330 3012 nulline
1349 2957 1494 3022 momenti,
1508 2956 1618 3026 ideoque
1632 2967 1656 3008 et
1667 2972 1714 3008 nos
1728 2945 1796 3009 c‘ircr
1812 2957 1844 3006 il·

1023 3043 1079 3096 lum
1098 3043 1210 3096 ulterius
1233 3061 1287 3096 non
1305 3042 1512 3105 detinebimus,
1530 3040 1575 3114 sed
1597 3041 1777 3095 differentium
1795 3061 1845 3114 pn-

155 3071 298 3178 solemne
315 3124 400 3180 inerit
416 3142 473 3180 esre
494 3125 568 3192 iltis,
586 3127 632 3198 qni
651 3127 722 3182 cirea
747 3127 904 3186 exercitium
923 3129 974 3186 nt·
1027 3127 1077 3182 tius
1095 3128 1228 3199 prtettegtt
1247 3140 1272 3181 et
1291 3123 1417 3180 benetieii
1436 3127 1528 3198 peneis
1546 3127 1645 3180 eritem
1665 3127 1844 3194 subjiciemus.

155 3208 226 3279 qnod
253 3209 431 3264 academicum
453 3210 640 3264 elaborandum
658 3222 833 3284 occupentur,
856 3227 886 3268 nt
903 3228 975 3271 ante-
1026 3214 1200 3286 privilegium
1220 3213 1322 3284 igitur,
1341 3223 1426 3268 ntutr
1446 3207 1576 3264 beneficio
1601 3227 1694 3280 perum
1714 3215 1753 3264 vel
1772 3214 1842 3265 nibil
1863 3225 1880 3277 ,¹5

154 3310 234 3366 quam
253 3311 309 3346 rem
328 3295 412 3364 ipsam
429 3295 631 3364 aggrediuntur,
649 3297 802 3352 enodationi
822 3301 896 3370 prius
913 3319 972 3356 rer·
1023 3300 1133 3354 differre
1156 3299 1293 3366 ridentur,
1317 3314 1346 3349 ac
1371 3294 1485 3367 pminde
1507 3312 1610 3366 quoque
1635 3311 1711 3364 saepe
1728 3299 1844 3350 atterum

152 3378 265 3444 borum,
284 3379 348 3447 quid
366 3396 405 3430 ec.
423 3379 468 3431 illa
480 3380 538 3449 ipen
554 3378 609 3431 sibi
628 3379 726 3446 seiiut,
740 3381 901 3436 inhaereant.
913 3385 974 3440 Non
1021 3403 1081 3440 cnm
1105 3387 1188 3438 altem
1211 3380 1388 3436 contundetur
1405 3381 1424 3434 l.
1443 3378 1555 3449 pemff.
1574 3378 1608 3434 de
1624 3383 1733 3434 cenrtr't.
1754 3381 1843 3449 princ.

152 3464 248 3516 minus
266 3462 316 3514 boc
333 3471 425 3516 notum
445 3463 510 3538 satis
527 3480 603 3533 quem
617 3464 696 3516 tacita
707 3463 821 3532 quadam
837 3467 975 3522 observatr-
1022 3467 1148 3536 Lid.ff
1167 3470 1202 3521 de
1219 3467 1293 3536 vulg.
1313 3475 1341 3520 et
1355 3463 1595 3535 ,inprimuntur
1610 3463 1708 3531 etsff.
1720 3481 1759 3518 em
1770 3463 1843 3536 quib.

149 3547 187 3600 tir
206 3549 335 3602 bactenne
353 3561 400 3617 pro
414 3547 470 3615 lege
488 3547 607 3600 methodi
627 3547 824 3616 introductumq
844 3551 899 3605 inno
917 3553 975 3623 ipre
1023 3569 1095 3604 enus·
1114 3551 1179 3619 mni.
1202 3549 1329 3605 Enenkel.
1343 3550 1378 3603 dc
1394 3548 1522 3617 privileg.
1540 3546 1558 3598 l.
1579 3550 1605 3599 1.
1628 3563 1653 3600 c.
1671 3549 1698 3600 1.
1716 3565 1744 3600 ιι.
1763 3550 1789 3600 7.
1810 3551 1843 3600 Si

154 3631 231 3684 lctus
251 3630 359 3701 Ulpian-
379 3630 550 3698 erpresrein
570 3631 588 3684 l.
608 3633 632 3684 1.
641 3629 688 3701 β..
701 3631 736 3686 de
753 3633 808 3688 reb.
826 3635 897 3688 cred.
909 3636 931 3688 E
944 3657 975 3693 re
1024 3641 1111 3686 temen
1130 3633 1205 3704 paulo
1223 3633 1340 3704 penitius
1358 3632 1475 3700 cujusvis
1491 3631 1611 3684 vocstmti
1631 3631 1748 3684 indolem
1766 3643 1842 3700 atque

156 3730 230 3780 ⁶³²2
247 3713 354 3784 iniistis
373 3716 447 3785 ptius
464 3731 543 3782 quam
561 3713 594 3765 ad
614 3716 755 3770 verborum
782 3717 975 3788 iuterpretntio·
1022 3728 1141 3771 naturam
1160 3716 1318 3788 perscrutari
1337 3717 1464 3781 velimus,
1482 3715 1519 3770 ite
1538 3732 1592 3769 non
1611 3712 1747 3784 purificari
1767 3711 1842 3786 peni·⁴

155 3815 216 3851 nem
245 3797 453 3869 pervertimur,
471 3813 553 3867 pauca
571 3799 604 3850 de
621 3797 819 3868 significatione
835 3803 922 3873 iprius
941 3807 974 3859 ti·
1023 3815 1063 3857 tus
1081 3801 1142 3868 ille,
1157 3804 1203 3854 sed
1221 3803 1362 3872 atiqurtem
1384 3803 1475 3855 adbnc
1491 3799 1667 3856 differentiam
1680 3802 1787 3854 subesse
1798 3803 1843 3868 de·

156 3881 206 3934 tuli
227 3881 345 3934 reterre:
363 3891 522 3952 quapropter
541 3890 568 3933 et
585 3882 663 3936 nobir
680 3883 709 3936 in
728 3889 858 3954 praesenti
871 3890 919 3944 buc
932 3890 972 3942 di·
1024 3887 1222 3961 prehendimus.
1247 3884 1411 3940 Beneficium
1435 3887 1507 3942 eninr
1532 3885 1633 3940 dicitur
1655 3901 1735 3938 omne
1751 3886 1818 3940 illud
1832 3923 1845 3952 „

155 3964 307 4036 epotatione
321 3965 353 4016 de
366 3968 423 4033 jure
433 3965 593 4036 privilegirti
612 3976 703 4020 contre
714 3969 890 4041 privilegiatos
904 3987 972 4032 nctu-
1024 3972 1095 4043 qoud
1112 3971 1222 4041 largitur
1240 3971 1365 4042 princeps
1382 3969 1411 4024 in
1428 3968 1618 4041 praejudicinm
1636 3971 1676 4022 sni
1696 3968 1797 4039 ipsius,
1816 3981 1844 4023 es

153 4048 248 4115 ris,ei
261 4058 289 4102 et
303 4049 466 4102 solemnitati
485 4049 546 4102 bnic
562 4063 700 4106 eonrrretue
709 4071 741 4106 er
753 4072 809 4108 esse
822 4057 973 4115 satisfecere
1023 4056 1087 4111 hinc
1103 4071 1207 4126 quoquc
1224 4054 1287 4108 finit
1304 4056 1405 4124 regule:
1424 4055 1494 4124 qnod
1514 4054 1605 4106 omnia
1623 4054 1774 4124 principum
1795 4056 1838 4109 be·
1857 4079 1875 4128 0

153 4147 294 4188 eternum
312 4134 366 4187 loti
385 4133 526 4187 concilium
551 4139 626 4207 sequi
643 4139 786 4206 rellemns,
804 4142 914 4198 omnino
931 4147 972 4200 iu·
1021 4138 1117 4194 neficir
1135 4139 1267 4194 letissime
1289 4138 1346 4191 sint
1369 4137 1567 4209 interpretanda
1586 4137 1604 4190 i.
1624 4131 1702 4206 ³·ff·
1720 4137 1754 4192 de
1770 4156 1841 4192 con·

154 4221 282 4272 cumbere
304 4225 444 4289 putarem,
470 4226 499 4271 ot
524 4234 577 4273 non
605 4230 707 4274 tentum
732 4222 885 4280 vocobulum
897 4228 973 4300 juris
1019 4227 1072 4276 etit.
1094 4222 1182 4292 princ.
1200 4223 1219 4274 l.
1237 4218 1334 4288 tinff.
1358 4221 1391 4274 de
1408 4237 1438 4274 re
1447 4220 1536 4292 judic.
1558 4220 1577 4272 l.
1596 4220 1641 4272 38.
1660 4218 1694 4286 ff·
1713 4237 1750 4273 ee
1768 4221 1837 4290 quit.

152 4304 215 4372 qnid
235 4320 273 4356 ac.
290 4301 358 4356 illud
375 4301 495 4366 denotet,
515 4313 543 4356 et
561 4321 639 4374 qnsm
659 4305 741 4358 variis
760 4308 847 4364 modis
865 4312 894 4366 in
914 4321 968 4366 toto
1020 4323 1094 4364 caus.
1112 4307 1207 4376 major.
1225 4305 1244 4354 l.
1261 4300 1356 4371 dbffi
1373 4303 1406 4356 de
1429 4305 1460 4356 V.
1479 4306 1509 4356 S.
1528 4301 1743 4371 Gurpmnproc.
1757 4303 1844 4356 tit-2..

151 4389 208 4453 jore
222 4387 360 4456 capietur,
374 4386 971 4470 luseexplicaremnusedisrrocubuliqnoq;
1020 4404 1074 4449 ort.
1092 4393 1117 4443 2
1137 4409 1166 4446 ιι.
1184 4391 1227 4442 id.
1253 4389 1379 4442 Enenkel.
1397 4389 1431 4442 de
1448 4386 1570 4457 privileg.
1590 4388 1608 4440 l·
1628 4385 1654 4437 1.
1675 4405 1699 4440 c.
1718 4386 1742 4438 i:
1762 4405 1791 4438 rr.
1811 4390 1837 4440 ll.

151 4471 289 4542 privilegii
302 4471 434 4540 originem
447 4488 479 4524 ac
486 4471 676 4526 derivationem
695 4474 864 4545 ejusdemque
875 4480 971 4532 realem
1020 4485 1047 4531 et
1065 4475 1134 4529 binc.
1151 4474 1232 4526 etiem
1254 4473 1416 4525 donationes.
1436 4471 1483 4524 stc
1500 4473 1524 4523 si
1543 4470 1666 4541 princeps
1685 4468 1757 4522 torte
1775 4487 1834 4524 rem
1854 4495 1873 4543 7

158 4573 187 4610 rc
201 4557 338 4610 verbalem
352 4553 532 4610 definitionem
544 4557 621 4625 prule
634 4558 752 4628 penitius
770 4559 974 4630 inquireremus.
1019 4554 1133 4629 aliquam
1152 4555 1215 4610 fiseo
1232 4559 1344 4625 jrmtum
1361 4554 1475 4608 delatam
1495 4554 1596 4607 duobus
1622 4553 1678 4606 sule
1702 4555 1836 4607 ministris

119 4645 268 4708 Netum,
287 4656 346 4692 cunr
367 4640 453 4710 primo
470 4641 591 4692 omnium
610 4640 718 4694 illorum
736 4643 784 4712 qui
801 4661 914 4715 unquam
929 4650 970 4701 rel
1020 4643 1114 4698 culicis
1133 4643 1162 4694 in
1181 4644 1307 4711 majorem
1324 4639 1427 4710 gretire
1444 4654 1505 4698 sure
1523 4635 1604 4691 iidem
1624 4636 1752 4701 doceret,
1770 4655 1838 4691 unns

154 4729 187 4780 ad
205 4725 392 4780 inatitntioncs
408 4725 450 4777 ret
474 4722 506 4775 nd
532 4721 673 4793 prndectas
697 4733 759 4778 eunt
782 4730 971 4797 commentati,
1019 4743 1081 4782 sero
1098 4727 1193 4782 borum
1211 4725 1286 4780 nulio
1302 4724 1417 4778 haerede
1433 4722 1528 4776 relicto
1546 4721 1700 4785 decederet,
1723 4723 1836 4777 omnino

156 4827 237 4864 nuno
255 4809 304 4874 rit,
324 4809 368 4878 qui
389 4823 441 4862 nou
462 4807 491 4860 in
509 4816 672 4860 rutecersnm
687 4807 760 4876 juris·
782 4809 869 4864 rerirr
883 4822 910 4866 et
927 4811 969 4864 di·
1021 4811 1099 4880 buius
1116 4811 1268 4882 portionem
1293 4809 1369 4862 alteri
1394 4805 1535 4870 recedere,
1552 4815 1580 4858 et
1597 4806 1637 4859 sic
1656 4815 1738 4859 totum
1758 4807 1836 4860 illurn

155 4910 242 4948 uersas
259 4893 423 4962 acceptiones
447 4899 525 4960 atque
547 4887 755 4960 significationes
773 4891 823 4946 late
841 4894 907 4946 satis
925 4894 970 4948 de·
1019 4897 1122 4950 nancisi
1142 4894 1284 4947 dicendum
1303 4901 1359 4954 est,
1379 4892 1397 4942 l.
1415 4909 1461 4944 un.
1487 4906 1510 4942 c.
1535 4890 1562 4939 ιε’
1578 4888 1682 4942 liberat.
1700 4891 1836 4958 rinperiul.

156 4975 340 5042 dureritedu.
360 4973 463 5028 limnn.
481 4973 551 5028 cdl.
572 4977 598 5024 1.
606 4971 648 5042 ff.
668 4973 701 5028 de
711 4975 738 5047 j.
756 4983 783 5030 et
791 4977 818 5049 j.
836 4977 925 5032 flatu.
936 4979 971 5034 ad
1021 4997 1073 5036 roc.
1092 4981 1144 5034 Du.
1165 4979 1310 5032 brunnen.
1331 4976 1374 5031 ud.
1392 4975 1418 5028 d.
1437 4975 1456 5026 l.
1474 4991 1520 5029 ιιιι.
1533 4992 1560 5026 ιι.
1575 4976 1599 5025 1.
1611 4982 1639 5026 et
1652 4975 1676 5028 3.
1686 4969 1752 5027 Utut
1765 4976 1836 5028 enirn
1855 4989 1873 5037 a

156 5057 319 5115 Wesenbec.
336 5060 379 5109 tit.
398 5057 431 5108 de
442 5057 469 5129 j.
488 5065 515 5106 et
531 5057 558 5127 j.
577 5075 605 5109 ιι.
629 5055 673 5107 71.
694 5069 719 5114 et
742 5057 788 5110 dn.
816 5059 922 5116 Praeses
939 5061 969 5117 in
1019 5063 1181 5118 molernium
1196 5061 1284 5132 potius
1295 5059 1472 5122 asserendum,
1486 5069 1511 5112 et
1524 5058 1587 5112 brec
1604 5058 1690 5127 portio
1704 5065 1838 5129 tamquam

123 5141 277 5208 tprnelect.
303 5143 342 5197 cd
364 5141 469 5195 ducere.
497 5141 616 5195 Strrucb.
637 5139 705 5196 dire.
722 5146 748 5195 1.
765 5145 804 5196 td.
822 5146 848 5198 t.
868 5145 972 5199 Deinde
1022 5165 1113 5202 racana
1138 5143 1204 5200 fisco
1226 5143 1386 5217 applicanda
1410 5141 1548 5204 rideatur,
1573 5141 1714 5211 praecipua
1730 5157 1788 5193 cnm
1809 5143 1843 5208 in¹

157 5242 257 5297 quoqne
275 5225 408 5295 privilegii
428 5223 580 5277 rombulum
597 5224 669 5278 unde
685 5224 845 5292 deacendat,
862 5239 889 5282 et
906 5227 971 5298 quid
1020 5230 1195 5286 contractibus
1213 5231 1254 5296 jue
1271 5227 1441 5282 accrescendi
1462 5242 1516 5280 non
1542 5224 1677 5290 obtinente
1701 5241 1735 5278 er
1758 5235 1836 5279 antea

158 5311 210 5376 sit,
229 5311 297 5380 apud
325 5309 410 5361 narina
436 5308 480 5358 dd.
505 5307 611 5377 prolixe
634 5307 716 5362 tuerit
740 5318 897 5375 tractatum,
915 5310 970 5364 rid
1022 5313 1080 5369 deta
1099 5323 1188 5368 tamen
1206 5315 1293 5380 reputa
1313 5311 1386 5381 prior
1403 5311 1531 5366 sententia
1546 5308 1657 5364 omuino
1673 5309 1761 5362 aerior
1778 5329 1834 5364 mn-

159 5391 226 5448 Baro
244 5392 371 5448 Enenket·
383 5393 415 5445 de
426 5391 546 5460 privileg.
564 5408 587 5444 e.
606 5393 631 5441 1.
647 5393 716 5446 eri
736 5393 849 5464 ideoque
862 5393 971 5450 uoseli·
1019 5404 1073 5452 net.
1086 5393 1214 5450 Ertcnim
1234 5395 1339 5450 donatio
1352 5393 1497 5448 maximnm
1515 5389 1645 5462 principis
1664 5389 1833 5456 beneficium,

157 5479 184 5530 bt
201 5487 319 5535 accurita
335 5488 363 5532 et
380 5477 438 5530 tuae
457 5475 591 5548 proposita
609 5465 699 5546 mucii
720 5477 765 5530 bic
791 5479 886 5532 mitem
910 5489 968 5530 tan·
1019 5490 1048 5535 et
1065 5467 1291 5536 statuminum
1303 5479 1479 5537 eondomtarii
1495 5492 1598 5548 qnoque
1616 5474 1730 5532 furorem
1749 5480 1836 5550 expli·

159 5581 226 5634 ree,
250 5563 345 5625 inutile
361 5577 469 5634 pmrsus
488 5559 686 5626 existimentes,
703 5577 734 5614 eo
752 5559 971 5632 lreilinsqooque
1019 5563 1130 5618 mudum
1154 5563 1200 5618 dre
1224 5563 1328 5617 Brenn.
1345 5563 1372 5616 d
1389 5563 1407 5618 i.
1425 5561 1540 5620 uanos.
1558 5561 1578 5614 l·
1598 5561 1659 5616 ue.
1677 5563 1704 5614 5.
1724 5581 1772 5618 ιιι.
1791 5565 1835 5618 17.

160 5648 259 5704 rentem
282 5663 440 5718 speramns,
466 5643 489 5698 ri
514 5642 587 5696 bisce
607 5645 773 5713 perentibus
798 5645 968 5717 inquirendis
1021 5645 1163 5722 Bertarrot.
1185 5645 1290 5716 murel.
1313 5643 1426 5700 deer'rio.
1452 5646 1470 5700 t
1494 5645 1520 5698 2
1546 5659 1623 5700 conr·
1642 5645 1705 5698 888.
1727 5664 1758 5722 ιι.
1789 5649 1844 5724 17.Ι

121 3131 135 3181 1
