4414 6220
677 299 881 360 GENElldle
900 302 1016 362 usum
1037 305 1143 364 uelut
1162 304 1350 366 exuturus,

162 414 221 480 ind,
240 413 276 468 cb
293 415 494 484 praesumptum
520 399 611 458 dolum
633 405 663 454 ct
685 397 833 456 effectetrm
854 400 980 472 ignoreu·
1033 403 1114 458 etiem
1131 425 1146 458 e
1163 401 1579 478 vindictaiaquiliseeaimunt.
1592 401 1849 460 &renueremu-

164 500 247 564 tiam,
264 497 328 550 dum
347 509 400 548 nou
418 486 560 558 iutelligit,
577 482 647 556 quod
665 499 758 537 omncs
783 483 944 552 intelligunt.
963 483 982 536 1.
1032 489 1105 544 erim.
1116 509 1139 544 e.
1158 492 1184 544 t.
1202 493 1225 557 5.
1243 492 1269 543 8.
1289 506 1316 544 rr.
1335 492 1379 546 18.
1397 489 1526 544 Cabellio.
1543 489 1579 544 de
1596 507 1629 544 ec
1647 487 1721 559 qnod
1732 485 1851 545 interest.

162 583 205 635 28.
220 599 269 653 pr.
275 575 318 650 Ι
337 576 428 632 mund
444 572 497 630 tid·
517 567 626 623 Btrim·
641 567 671 620 ²⁸st
689 565 794 620 “vim
813 566 831 618 Ῑ-
851 569 876 620 ³·
896 584 918 622 θ.
937 567 981 622 73.
1035 592 1064 627 n.
1077 573 1437 644 180.Strur.ryntogm.jur.
1449 576 1601 628 ciuecerc.
1614 573 1655 628 11.
1668 572 1852 636 5281111011.

118 681 150 735 53
165 685 210 720 ce.
229 667 275 718 18.
295 664 420 732 Adeoque
437 659 501 710 dum
520 653 553 707 ed
572 647 660 705 dolum
679 666 782 720 semper
793 649 925 718 obligetur
936 667 978 703 re·
1033 659 1070 711 cd
1081 661 1098 710 t.
1112 658 1193 726 aquil.
1205 664 1227 720 ς.
1241 660 1265 710 1.
1275 657 1305 710 in
1309 655 1368 726 fin.
1381 657 1435 710 Lea
1452 656 1523 710 enim
1544 656 1587 708 11.
1606 673 1658 710 uon
1677 655 1710 710 de
1726 673 1852 727 quecum·
1868 643 1904 699 '1¹

166 762 265 815 manet,
278 747 360 801 etism
375 739 493 796 tumebit
509 735 542 790 ed
558 736 662 804 cuipam
675 734 770 798 istem,
785 731 846 802 quie
859 731 923 785 haec
935 732 984 784 sub

1034 759 1084 810 que
1100 741 1237 794 levissime
1257 741 1331 810 culpe
1350 739 1380 792 in
1398 739 1492 808 quotis
1512 739 1618 808 negotio
1636 737 1751 792 admisse
1769 740 1854 808 loqui·

169 833 221 890 tuti
241 829 415 904 eppellutioue
427 825 458 876 in
468 819 648 874 contractibus
659 814 909 886 comprehenditur,
921 813 984 867 licet
1038 838 1094 888 pur,
1114 827 1160 880 „d
1179 828 1272 879 „pem
1293 821 1494 888 tn,1,fi„;1,‚„p
1517 823 1581 876 1110,
1604 821 1752 878 ικῃὴςιω,
1776 823 1857 880 dnm

171 918 292 992 particula
317 910 431 968 teretiea
454 904 509 959 doli
526 901 650 956 vocabulo
675 901 710 957 sit
735 899 833 952 addite.
858 896 986 953 Gctlmlr.
1037 909 1103 962 hanc
1113 907 1298 962 limitationem
1311 906 1397 978 diegi
1411 903 1593 970 eddaut,uiei
1604 921 1647 958 res
1657 905 1853 962 exertissimam

174 977 983 1071 111115111]11111111113111111811.1111.
1038 991 1201 1062 diligentiem
1220 1009 1272 1044 uon
1287 991 1405 1060 requirat
1421 988 1516 1043 Molin.
1535 989 1569 1041 de
1585 987 1612 1062 1‘.
1636 999 1664 1041 et
1677 988 1703 1062 1'.
1729 998 1803 1044 truce.
1828 993 1854 1046 1.

174 1099 193 1142 1.
204 1095 225 1151 i.
242 1087 320 1160 liujus
334 1089 414 1147 nt,et
427 1075 530 1145 Bargul.
543 1071 577 1126 de
594 1071 667 1125 dolo.
685 1070 704 1122 1.
723 1069 748 1121 t.
761 1087 785 1121 c.
797 1069 822 1120 2.
837 1087 864 1121 rs.
877 1069 903 1118 11.
916 1084 986 1136 seqq·
1041 1079 1105 1146 disp.
1125 1077 1188 1129 697.
1207 1074 1377 1128 Lauterbuch.
1397 1075 1436 1130 cd
1457 1075 1475 1128 1.
1500 1071 1583 1145 aquil.
1607 1079 1629 1136 ς.
1649 1075 1672 1126 1.
1691 1089 1737 1126 seu
1755 1073 1808 1126 nisi
1826 1073 1856 1128 iu

127 1187 157 1238 nn
173 1171 206 1224 iit
217 1171 281 1222 leuen
299 1163 431 1220 sententie
450 1179 480 1214 eo
500 1158 583 1226 magis
600 1155 723 1209 obtinere
740 1151 850 1224 poterit,
870 1153 892 1204 si
904 1153 985 1217 alter,

174 1253 213 1306 cui
232 1253 310 1321 culpe
328 1251 376 1302 iste
394 1256 449 1300 eret
468 1243 594 1305 remissa,
613 1239 777 1293 exercicitus
795 1236 882 1300 luerit,
894 1254 925 1288 an
937 1251 988 1288 uon

1041 1161 1173 1232 aliquibus
1198 1159 1310 1230 negotiis
1335 1175 1381 1230 per
1406 1159 1435 1212 ll.
1453 1158 1530 1213 eiiter
1547 1169 1649 1214 cautum
1667 1155 1758 1222 luerit,
1781 1168 1810 1212 ut
1827 1158 1857 1216 irs

1040 1248 1058 1299 1.
1072 1247 1116 1299 32.
1120 1243 1161 1314 Ι
1174 1245 1267 1312 depos·
1281 1243 1299 1296 1.
1314 1243 1337 1296 5.
1354 1245 1378 1310 5.
1391 1244 1433 1296 10.
1440 1241 1482 1314 Ι
1500 1259 1597 1296 comm.
1614 1241 1632 1294 i.
1651 1242 1679 1293 ⁸.
1697 1248 1720 1305 1.
1738 1243 1763 1296 i.
1765 1239 1857 1310 fficio

177 1337 232 1389 idm
245 1332 425 1429 ”iiiiiinliffi
438 1332 490 1424 ilfi
510 1343 553 1381 ¹⁰⁵
573 1323 708 1418 ‘kimhi’
726 1321 871 1418 ‘unicius
883 1318 989 1416 wife
1040 1349 1143 1402 precor.
1162 1329 1239 1402 Quod
1257 1327 1279 1381 si
1299 1345 1361 1397 ergo
1378 1328 1407 1380 11.
1426 1343 1460 1380 ex
1478 1327 1580 1397 legibus
1597 1343 1650 1380 nou
1668 1325 1756 1381 lorent
1774 1327 1859 1400 expli·
1878 1315 1915 1370 Ὦ

178 1436 208 1472 ‘¹
220 1420 270 1471 ¹²¹⁸
281 1419 358 1486 “flii‘'
370 1432 421 1484 1³¹⁰
436 1409 551 1474 ⁸⁰¹⁸b⁸¹r
572 1426 625 1461 ⁰⁰¹¹
644 1407 788 1476 ⁰b¹¹i⁸¹¹¹¹¹¹
800 1422 846 1472 ¹¹¹2
858 1403 906 1456 ¹¹⁰⁰
918 1421 990 1456 ‘⁰¹¹²'
1043 1416 1154 1480 candae,
1166 1413 1318 1469 turbaretur
1335 1412 1382 1465 ille
1399 1413 1540 1482 acqualites
1557 1411 1676 1481 justitiae
1693 1415 1861 1468 commuteti-

181 1503 347 1556 menilestum
366 1498 454 1549 dolum
473 1501 606 1562 urgueret.

134 1619 164 1668 ω
217 1589 285 1640 Dum
297 1593 385 1637 autem
405 1578 461 1634 dixi
480 1595 555 1634 num.
573 1574 697 1645 praeced.
716 1572 757 1626 ts.
776 1571 846 1641 quod
864 1568 990 1641 quaedem

182 1673 269 1726 danne
288 1670 364 1738 culpe
384 1663 591 1719 contrahentium
610 1659 672 1712 date
692 1676 744 1711 oon
765 1653 992 1716 resarciantur,ii·

1043 1517 1089 1552 ree
1102 1499 1130 1550 in
1141 1496 1332 1564 conrnntbus,
1353 1506 1380 1550 et
1399 1495 1495 1550 frustra
1513 1494 1627 1564 emplius
1645 1495 1820 1568 respiceretur
1835 1498 1864 1554 in

1044 1585 1118 1653 culpe
1133 1580 1286 1650 precarem·
1294 1619 1304 1646 ,
1322 1579 1383 1652 quis
1401 1579 1546 1633 utilitatem
1556 1595 1589 1631 ex
1601 1580 1706 1649 negotio
1719 1579 1863 1652 percipiet,

1046 1669 1086 1721 rel
1103 1666 1168 1737 qnid
1186 1674 1341 1719 concentum
1360 1661 1458 1728 luerit,
1476 1662 1520 1717 sed
1539 1664 1631 1716 seitem
1646 1663 1706 1731 quis
1723 1664 1799 1736 eulpa
1817 1664 1863 1716 de·
1880 1649 1917 1702 73

185 1769 233 1810 ceat
248 1753 360 1808 ulterius
379 1749 556 1815 investigare,
574 1761 663 1798 annon
681 1760 730 1813 per
748 1751 856 1794 externe
876 1736 993 1792 remedie
1048 1768 1138 1802 mmm,
1153 1747 1267 1803 dederit,
1284 1746 1373 1812 Adde,
1392 1746 1461 1816 quod
1479 1746 1583 1816 juniii.
1601 1747 1641 1802 eet
1661 1746 1792 1816 injmeiti.
1804 1763 1864 1802 un.

187 1843 227 1894 ilie
242 1839 333 1892 mmor
355 1831 484 1887 vindicati
503 1829 627 1900 11015101,
646 1843 711 1898 quse
728 1823 826 1879 ¹⁰¹i⁰¹¹i
845 1837 878 1876 ⁸¹
895 1831 995 1875 Min·
1047 1851 1090 1886 sue
1103 1833 1138 1884 ite
1152 1832 1266 1902 amplius
1285 1847 1337 1884 nou
1355 1828 1532 1900 dependeret,
1550 1843 1584 1881 cx
1601 1828 1727 1899 qualitate
1746 1829 1863 1900 negotii,

144 1959 175 2006 p,
191 1933 229 1976 etu
239 1941 289 1976 con
300 1917 453 1989 subjacent?
472 1914 560 1970 Posito
577 1910 666 1976 enim,
685 1909 755 1980 quod
768 1906 949 1961 conductorem
963 1918 996 1954 ex

194 2093 259 2162 culpa
273 2089 369 2153 delum,
380 2085 444 2158 qnid
457 2081 611 2138 laciendum
624 2078 702 2142 mihi,
718 2077 741 2130 si
754 2074 857 2130 dederit
870 2073 994 2124 damnum

1049 1917 1094 1970 sed
1107 1933 1139 1970 er
1153 1915 1266 1970 sotionis
1279 1915 1477 1986 propositione,
1497 1912 1618 1982 idemque
1632 1911 1782 1982 negotium,
1795 1912 1864 1983 quod

194 2009 284 2062 actione
296 2003 366 2058 loceti
379 2001 473 2055 saltem
494 1997 635 2052 convenire
647 1995 747 2066 possim
760 1991 791 2044 ud
806 1987 994 2044 damnumleei
1049 2001 1199 2072 pmquffl,
1213 2001 1366 2065 amanet,
1384 2001 1451 2054 aceto
1465 1997 1575 2068 depositi
1592 1996 1810 2068 pmberet,qucd
1824 2013 1863 2052 es·

1049 2099 1090 2142 aet
1102 2105 1152 2139 uue
1171 2104 1250 2140 mauu
1268 2084 1346 2150 dare,
1364 2086 1494 2154 alteraque
1511 2079 1624 2134 eulerre.
1645 2081 1719 2150 Quee
1736 2079 1867 2134 sententie

141 2203 173 2254 pp
189 2177 256 2245 culp·
275 2168 427 2226 levissimfl?
450 2169 535 2234 fleme
563 2165 650 2238 P⁰³i¹⁰
670 2180 739 2216 ⁰³⁵⁰·
764 2161 783 2212 ¹·
808 2160 834 2211 ⁸·
854 2165 874 2220 i·
896 2157 938 2207 ¹⁰·
954 2153 997 2225 ff·
1049 2182 1108 2226 utut
1119 2170 1251 2240 sequitete
1265 2187 1309 2222 sue
1323 2167 1441 2237 gandent,
1454 2177 1481 2220 et
1494 2164 1670 2218 cummuniter
1684 2171 1796 2233 recepte,
1809 2163 1866 2218 suis

185 2257 312 2312 commod.
329 2255 373 2307 nbi
385 2251 603 2308 commodetsrius
621 2249 713 2301 sellem
729 2254 831 2300 tenetur
844 2242 874 2295 ud
888 2242 994 2312 cuipam
1050 2249 1398 2318 p„„„„,0n0,1·01,1ub55„
1418 2251 1441 2304 ,t
1460 2249 1576 2304 ,prim
1594 2247 1662 2314 juri,
1680 2247 1808 2302 „tionem
1822 2263 1864 2302 κ.

185 2344 274 2406 litem,
293 2338 356 2410 quid
378 2337 444 2389 mihi
463 2333 585 2399 consilii,
605 2333 628 2386 si
648 2331 723 2400 culpa
742 2328 793 2382 leri
813 2327 937 2380 damnum
950 2326 995 2380 de·
1048 2357 1171 2412 quamne,

184 2427 268 2486 derite
287 2439 320 2476 ea
339 2424 358 2474 1.
375 2420 471 2490 aquilia
496 2416 646 2471 vindicetur
670 2414 735 2466 alies
761 2413 885 2465 demnum
910 2409 998 2480 queris
1086 2427 1216 2478 fflmnum
1231 2419 1344 2491 deniq„
1361 2419 1471 2474 muoz,
1489 2428 1529 2472 ω
1547 2415 1644 2479 120510,
1655 2431 1722 2485 qnae
1736 2414 1804 2468 nun,
1818 2413 1863 2469 hu.
1886 2399 1922 2455 ’11

183 2511 273 2578 enipe,
289 2505 369 2560 etiam
383 2503 531 2566 letissime,
545 2498 635 2552 datum
649 2499 668 2550 1.
680 2495 722 2550 11.
733 2513 774 2567 pr.
777 2493 819 2564 Ι
831 2495 874 2548 ud.
885 2493 903 2545 1.
916 2493 1000 2564 aquit.

184 2597 201 2646 1.
218 2595 259 2644 13.
271 2607 311 2660 pr.
312 2587 354 2658 Ι
373 2588 405 2640 de
416 2587 487 2638 iiber.
499 2600 573 2639 uuus.
588 2583 662 2635 Zoes.
675 2578 715 2635 ad
727 2579 744 2632 1.
760 2579 843 2648 aquil.
855 2597 881 2629 re
896 2578 922 2628 5.
933 2587 960 2630 et
971 2576 998 2629 7.

135 2705 168 2755 53
187 2677 219 2729 Et
230 2677 292 2728 lrinc
311 2673 411 2725 nullum
431 2669 558 2732 dubium,
576 2667 641 2737 quin
660 2664 763 2735 quoties
774 2662 808 2714 ad
819 2661 911 2730 culpae
925 2677 999 2731 prae-

188 2760 324 2812 stationem
344 2771 377 2807 ex
395 2762 527 2807 contractu
547 2766 652 2822 possum
671 2763 766 2816 agere,
785 2745 865 2798 etiam
880 2743 956 2796 liceat
971 2758 1002 2796 ex

187 2848 243 2910 leqe
260 2842 370 2910 equilis,
387 2841 424 2892 ita
440 2848 545 2901 tameo,
562 2843 592 2887 ct
609 2831 632 2887 si
651 2832 732 2885 ultera
751 2827 833 2883 luerit
851 2836 947 2891 ectum,
962 2827 1001 2878 el-

186 2940 241 2981 tera
261 2925 362 2978 tolletur
380 2930 407 2977 et
424 2920 557 2991 exspiret,
573 2915 635 2986 quie
654 2912 765 2968 tendunt
783 2911 815 2967 ed
834 2911 905 2964 idem
924 2909 942 2962 1.
960 2912 1003 2964 tr.

173 3009 218 3082 Ιῖ
232 3011 264 3066 de
275 3027 296 3061 r.
304 3007 329 3078 1'.
338 3007 416 3062 ridi.
428 3007 470 3056 18.
479 3003 503 3076 5.
516 3008 540 3059 1.
542 3001 585 3074 Ι
598 2999 728 3054 commod.
741 2997 832 3066 ibique
845 2996 889 3048 dn·
905 2995 1004 3048 Brrruu.

133 3132 165 3182 ω
183 3109 207 3151 et
221 3096 239 3150 1.
254 3095 295 3148 25.
315 3095 335 3160 5
356 3092 380 3144 5.
389 3087 431 3160 Ι.
448 3091 530 3142 locat.
550 3086 602 3140 Sed
622 3083 655 3138 de
674 3086 723 3135 hoc
744 3081 772 3134 in
792 3089 879 3152 partes
896 3079 1001 3132 abeunt.

185 3178 238 3243 1111,
251 3196 284 3230 an
297 3180 320 3230 si
333 3174 458 3230 «ieiunum
477 3174 552 3244 culpa
571 3170 661 3223 delum
680 3183 713 3220 ex
730 3174 865 3220 contrecto
877 3161 1005 3218 vindicari

186 3279 239 3314 non
257 3259 355 3332 possit,
376 3258 442 3310 seire
462 3269 548 3310 temen
567 3254 653 3308 edhue
670 3252 706 3303 sit
723 3249 794 3304 ectio
813 3263 845 3300 ea
865 3248 883 3300 1.
901 3247 1005 3315 equilis.

187 3343 315 3398 dllirmat
333 3344 382 3396 hoe
402 3344 475 3397 zoes.
484 3337 526 3407 Ι
545 3339 584 3392 od
600 3338 618 3390 1.
638 3335 720 3406 aquil.
739 3333 774 3388 ob
794 3334 812 3384 i.
832 3332 856 3384 5.
876 3332 906 3382 in
914 3329 966 3400 fin.
981 3331 1005 3384 d.

136 3456 170 3506 35
188 3443 207 3482 r.
225 3440 253 3483 et
265 3431 284 3482 1.
293 3429 335 3480 itt.
351 3445 395 3497 pr.
403 3423 444 3492 Ι.
460 3423 540 3476 locut.
563 3419 615 3474 Sed
634 3436 686 3472 uon
707 3419 769 3471 setis
786 3413 892 3486 proberi
919 3424 1006 3486 potest

187 3529 221 3567 er
238 3511 396 3572 istisiibus,
414 3507 482 3576 quod
503 3501 625 3556 intendit.
644 3500 689 3554 iee
707 3499 779 3553 enim
793 3497 817 3551 11.
830 3497 948 3551 continet
966 3511 1008 3548 ca·

184 3615 245 3650 aum
260 3596 336 3648 illum
357 3591 500 3652 inmusum,
518 3603 570 3657 qno
590 3588 669 3641 Sutor
687 3600 769 3654 puero
787 3581 899 3634 discenti
913 3596 1005 3650 perum

186 3679 371 3736 benefacienti
383 3675 450 3747 qnod
464 3673 702 3733 demonstraretur,
722 3665 805 3719 lorme
825 3664 906 3719 calcei
921 3664 1004 3718 cerei·

191 3782 251 3819 cem
265 3763 410 3836 percurrit,
424 3770 449 3811 nt
464 3759 552 3814 ocutus
572 3772 653 3826 puero
672 3749 883 3812 suffunderetur,
893 3747 939 3799 ubi
951 3749 1009 3818 qni·

135 3867 169 3918 pp
188 3849 253 3902 dem
267 3847 426 3917 aquiliunem
439 3852 527 3895 contre
538 3849 652 3892 sutorem
662 3826 707 3889 dut
718 3838 809 3901 ictus,
821 3833 965 3895 etdnbitat,
974 3848 1006 3882 un

189 3949 221 3986 er
238 3933 323 3984 luceto
336 3929 377 3997 agi
390 3926 482 3998 possit,
491 3923 534 3977 sed
543 3940 573 3974 ec
587 3924 654 3992 ipso,
667 3919 728 3971 dum
742 3917 856 3980 1111111111,
870 3932 920 3967 non
934 3917 1010 3985 plene

135 4079 138 4084 Ι
191 4013 320 4068 iniirmet
337 4011 465 4063 actionem
484 4007 578 4071 locati,
598 4004 644 4059 sed
663 4004 755 4056 sellem
776 3999 970 4069 megisliquidc
982 4010 1008 4053 et

187 4099 301 4154 utiliter
317 4095 477 4165 aquilianem
497 4099 649 4162 competere
674 4087 788 4148 latetur,
805 4085 865 4155 qnia
883 4085 1008 4136 dernuum

187 4198 305 4253 corpore
319 4190 356 4233 -et
377 4179 404 4230 in
425 4193 518 4248 corpus
536 4175 642 4235 detnm,
660 4181 686 4224 et
704 4171 803 4240 largior
821 4168 859 4221 ibi
878 4169 952 4221 licite
971 4176 1011 4220 est

134 4291 166 4340 57
186 4264 344 4322 restinctio
363 4262 379 4314 1.
399 4261 445 4310 88.
449 4256 491 4327 Ι
505 4259 543 4310 nd
554 4258 572 4308 1.
585 4256 668 4327 uprril.
686 4255 740 4308 Nec
759 4266 819 4325 putu
837 4253 865 4304 in
885 4252 937 4304 isto
949 4267 1009 4302 enses

185 4348 332 4420 proposito
353 4345 455 4414 culperu
476 4341 574 4394 sutoris
600 4338 759 4391 levissimum
779 4337 918 4388 dicendam
937 4351 1008 4400 esse,

187 4439 237 4488 sed
254 4433 345 4484 saltem
356 4431 440 4481 lesem
455 4435 563 4498 propter
582 4423 714 4492 egregium
735 4421 852 4491 suijuris
865 4433 1009 4483 excessum,

188 4521 238 4590 qui
256 4526 355 4570 tentum
371 4529 423 4565 non
444 4509 553 4564 saevitis
572 4507 601 4559 io
615 4509 631 4558 Ι.
646 4506 767 4576 sequenti
780 4515 891 4561 vocetur.
906 4503 1009 4574 Quidni

187 4620 257 4670 ergo
270 4599 338 4652 ectio
353 4595 431 4649 locati
450 4593 534 4646 locum
548 4590 644 4643 bebere
654 4587 763 4659 ponet?

135 4703 169 4752 ng
233 4687 265 4737 ln
285 4685 303 4736 l.
321 4681 366 4732 15.
384 4687 471 4731 eutem
489 4674 645 4750 proponitur
663 4689 754 4735 cesus,
768 4669 813 4723 ubi
826 4669 896 4724 serti
911 4671 1011 4723 ccudu·

184 4769 275 4827 ctoris
293 4769 320 4820 in
339 4767 417 4821 domo
435 4763 565 4818 conducta
584 4761 707 4812 demnnm
733 4757 878 4823 dederunt,
897 4757 938 4811 rel
958 4755 1010 4809 lnr·

188 4870 249 4910 tnnr
269 4853 402 4914 iecerunt,
422 4861 446 4902 et
462 4866 514 4902 oon
534 4846 618 4898 teneri
637 4842 823 4896 conductorem
844 4841 953 4893 locatori
978 4858 1009 4896 ee

138 4947 172 4997 88
190 4940 341 5001 conducto,
357 4935 402 4988 sed
421 4932 510 4986 noxali
528 4932 639 4983 actione.
659 4929 754 4978 Verum
774 4922 818 4976 hie
831 4922 961 4976 concurrit
972 4941 1010 4976 re·

143 5061 147 5066 -
190 5032 232 5080 tio
249 5021 411 5094 singularia,
430 5019 492 5090 quie
512 5016 596 5083 megis
615 5009 767 5066 conductori
786 5008 830 5060 hic
848 5019 904 5061 eret
924 5007 1010 5062 inrec-

201 5113 279 5172 dum,
291 5117 317 5160 ut
329 5123 382 5162 uon
397 5106 515 5175 pr'aecisc
529 5095 790 5152 teneretnrdemnum
805 5109 852 5162 per
865 5106 951 5144 serens
969 5093 1011 5142 dn·

195 5210 253 5250 tum
269 5191 412 5254 resarcire,
426 5185 471 5240 sed
490 5185 541 5254 ipsi
561 5185 673 5234 liberum
693 5179 943 5248 relinqeteretnr,en
957 5193 1010 5228 ser·

188 5293 240 5332 eos
258 5292 341 5329 nosse
359 5271 422 5327 dere
439 5279 465 5323 et
482 5269 618 5321 dimittere
637 5265 724 5320 rellet·
742 5264 761 5314 1.
780 5263 805 5314 2.
811 5257 852 5330 Ι
864 5262 899 5314 de
913 5260 1015 5312 noxali

190 5373 250 5418 cet.
262 5378 315 5414 non
329 5359 401 5412 enirn
421 5354 536 5408 nimium
554 5367 687 5405 serrorum
708 5347 810 5402 militie
821 5355 875 5398 erat
890 5343 1012 5397 dominns

190 5441 356 5498 onerandus.
372 5438 463 5508 Neque
488 5445 573 5488 temen
599 5433 681 5502 plene
702 5427 854 5483 excluditur
869 5424 964 5479 locem
979 5443 1011 5480 ex

195 5530 287 5580 locato
303 5539 398 5592 agere,
416 5521 456 5573 uti
475 5527 546 5590 patet
571 5531 604 5568 ex
622 5516 639 5569 1,
659 5513 701 5566 27.
720 5520 743 5576 ς.
769 5513 811 5564 11.
836 5507 876 5564 ud
893 5509 911 5561 1.
929 5509 1011 5579 cqrril.

133 5626 172 5678 qn
193 5615 366 5684 Quapropter
383 5605 488 5657 illorum
507 5599 639 5655 sententie
657 5595 766 5649 delendi
786 5603 887 5666 potest,
899 5592 943 5662 qui
958 5593 1011 5644 rul-

192 5711 272 5766 pem,
291 5708 359 5762 qnae
376 5704 409 5740 ex
428 5692 564 5740 contractu
582 5699 635 5734 nou
659 5677 815 5737 vindicanda
833 5673 1012 5747 permittitur,

1052 2526 1128 2562 mune
1141 2505 1282 2576 diligentie
1297 2506 1336 2559 sel
1353 2501 1496 2574 prudentie
1507 2503 1541 2555 ab
1553 2518 1599 2564 co,
1610 2499 1657 2570 qui
1672 2498 1784 2570 petitur,
1799 2515 1869 2570 pree·

1053 2593 1137 2647 «neeri
1154 2591 1243 2662 potuit.
1262 2589 1296 2642 111
1313 2587 1377 2642 hine
1394 2587 1427 2639 eb
1443 2585 1535 2640 eodem
1549 2601 1602 2639 uun
1614 2583 1685 2635 venit
1697 2580 1868 2635 resarciende.

1054 2676 1135 2729 Ceaus
1146 2676 1217 2727 euim
1231 2692 1244 2726 e
1258 2672 1365 2726 nemina
1378 2677 1528 2741 praestatur.
1549 2667 1567 2718 1.
1586 2666 1629 2719 83.
1644 2661 1680 2732 Ι.
1699 2662 1733 2717 de
1749 2681 1773 2714 r.
1788 2663 1810 2732 ἰ.
1824 2661 1870 2717 sed

1055 2778 1137 2829 aequo
1153 2757 1243 2811 animo
1263 2765 1303 2809 est
1323 2752 1445 2806 serendus
1462 2749 1496 2804 eb
1516 2749 1572 2812 illo,
1594 2748 1636 2801 eui
1657 2763 1698 2800 res
1718 2741 1870 2801 debebatur.

1055 2845 1073 2896 i.
1086 2839 1158 2910 8.Ι.
1171 2843 1204 2894 de
1214 2839 1297 2906 peric.
1317 2847 1342 2890 et
1361 2834 1493 2888 cornnrod.
1515 2833 1560 2884 rei
1573 2831 1649 2886 tend·
1663 2827 1718 2880 111.
1731 2829 1753 2896 §.
1766 2827 1790 2879 2.
1805 2825 1838 2880 de
1850 2845 1873 2881 r.
1960 2873 1963 2880 .

1056 2949 1079 2983 c.
1092 2929 1111 2980 1.
1123 2928 1148 2980 t.
1162 2928 1186 2994 §.
1188 2922 1219 2994 s
1233 2924 1266 2977 de
1279 2938 1345 2974 rese.
1364 2919 1439 2974 vereri
1465 2917 1484 2970 1.
1502 2917 1528 2970 li.
1543 2918 1578 2970 de
1595 2932 1618 2968 r.
1631 2931 1652 2967 c.
1665 2913 1687 2964 1.
1701 2912 1744 2964 32.
1757 2922 1783 2966 et
1794 2911 1811 2966 1.
1827 2912 1869 2966 83.

1056 3013 1089 3064 de
1101 3027 1130 3062 ν.
1142 3028 1168 3064 c.
1182 3009 1199 3060 1.
1211 3008 1238 3060 9.
1249 3024 1272 3060 e.
1283 3005 1314 3058 de
1325 3003 1401 3072 pigo·
1414 3011 1466 3054 uct.
1480 2999 1538 3053 Nisi
1553 3001 1589 3053 sit
1603 2996 1722 3049 debitum
1741 2995 1872 3065 quantitu—
1892 2999 1928 3052 ’15

1056 3098 1105 3160 tis,
1121 3110 1188 3164 quee
1206 3091 1293 3164 perire
1315 3105 1369 3141 non
1390 3085 1505 3150 dicitur,
1523 3084 1540 3136 1.
1558 3078 1726 3135 incendium.
1746 3081 1788 3132 11.
1808 3096 1831 3130 c.
1849 3079 1875 3132 si

1056 3188 1119 3232 cert.
1129 3184 1213 3248 petat.
1226 3174 1244 3228 1.
1257 3173 1281 3226 11.
1296 3179 1320 3235 ς.
1337 3167 1407 3240 11.,Ιί
1424 3165 1559 3222 commod.
1578 3161 1646 3217 iliud
1665 3172 1755 3216 temen
1769 3179 1822 3217 nou
1836 3165 1873 3218 ite
1892 3178 1928 3232 ¹1ss

1059 3259 1275 3330 intelligendum,
1288 3273 1317 3310 uc
1329 3255 1351 3308 si
1365 3252 1454 3307 omnis
1468 3252 1544 3324 plene
1556 3245 1696 3322 precstutic
1710 3245 1800 3300 damni
1814 3265 1876 3304 casu

1059 3345 1120 3398 lacti
1140 3355 1267 3407 cessaret,
1287 3337 1331 3392 sed
1350 3335 1420 3408 quod
1438 3334 1471 3387 ad
1491 3333 1564 3386 illem
1589 3346 1642 3385 non
1666 3339 1804 3397 tenentur,
1828 3333 1875 3403 qui

1059 3447 1113 3484 rena
1128 3425 1258 3498 perditem
1274 3424 1398 3475 hacteuus
1417 3417 1581 3492 possederat,
1598 3424 1625 3470 et
1642 3414 1675 3469 ad
1695 3415 1820 3468 damnum
1834 3435 1876 3472 re·

1059 3511 1203 3585 pereundum
1216 3507 1354 3575 obligetur,
1368 3512 1398 3555 ut
1408 3499 1645 3564 commodeturius,
1657 3499 1774 3552 creditor
1785 3497 1877 3570 pignu-

1059 3597 1180 3660 rutitius,
1199 3590 1334 3654 tenditur,
1352 3585 1550 3658 pensionarium
1567 3583 1679 3637 iuterim
1698 3593 1782 3636 temen
1809 3584 1878 3636 seira

1059 3689 1160 3736 rrauneut
1175 3677 1243 3730 ectio
1262 3681 1352 3728 contre
1367 3669 1492 3736 tertium,
1512 3683 1543 3719 ee
1562 3685 1613 3737 quo
1631 3665 1755 3720 demeum
1775 3667 1823 3718 laoc
1835 3683 1877 3718 ca·

1059 3764 1128 3818 ende
1139 3769 1237 3816 ortum.
1258 3753 1335 3827 Quod
1352 3752 1459 3825 quidem
1478 3760 1567 3823 aperte
1579 3749 1645 3804 lallit
1654 3750 1739 3820 quoad
1751 3749 1876 3804 damnum
1893 3747 1930 3802 'di

1057 3853 1085 3904 1κ
1097 3851 1164 3902 erud
1178 3844 1230 3916 ,etp
1248 3840 1337 3895 datum
1349 3877 1357 3906 ,
1375 3837 1419 3890 sed
1432 3835 1554 3908 procedit
1566 3833 1703 3888 commode
1714 3843 1805 3888 contre
1826 3833 1875 3887 ho·

1060 3933 1144 3985 mitres
1156 3929 1290 3981 sceleratos
1303 3923 1340 3978 ite
1350 3920 1475 3974 damnum
1490 3919 1592 3974 denter.
1606 3917 1673 3972 Nam
1687 3917 1719 3971 ed
1732 3931 1805 3972 casus
1819 3916 1874 3972 lor·

1062 4017 1142 4068 tuitus
1156 4011 1236 4066 etium
1257 4005 1372 4062 relertur
1390 4003 1576 4068 latrocinium,
1597 4001 1768 4067 incendium,
1789 4003 1869 4057 etin·
1891 3995 1926 4050 '18

1062 4097 1162 4152 terdum
1176 4092 1391 4160 inmundisque
1407 4087 1472 4157 quid
1491 4083 1623 4148 obstaret,
1642 4099 1694 4154 quo
1713 4082 1800 4136 minus
1812 4099 1873 4136 uuu-

1060 4197 1096 4234 nu
1108 4185 1224 4248 raptores
1243 4173 1320 4226 lineet
1336 4171 1361 4224 vi
1380 4169 1472 4223 bonor.
1487 4174 1556 4238 rapt.
1571 4167 1707 4237 experiri,
1725 4175 1872 4238 contraque

1060 4264 1130 4317 iures
1145 4258 1209 4313 iurti
1223 4258 1326 4311 rectione
1341 4269 1434 4323 egere,
1450 4251 1631 4319 damnumque
1645 4248 1769 4303 incendio
1781 4248 1872 4304 dutum

1060 4363 1093 4400 ee
1106 4347 1125 4396 1.
1137 4341 1234 4412 aquilie
1248 4338 1383 4394 vindicare
1395 4333 1429 4388 ab
1446 4343 1552 4387 enctore
1570 4332 1689 4386 incendii
1706 4335 1786 4388 tertio
1799 4335 1817 4388 i.
1831 4337 1874 4389 27.

1060 4438 1082 4495 ς.
1093 4431 1120 4482 ’1.
1121 4425 1163 4496 Ι.
1179 4425 1217 4478 cd
1228 4425 1245 4476 1.
1260 4421 1342 4493 cquii.
1356 4421 1413 4490 Qus
1426 4419 1530 4472 ratione
1540 4427 1627 4472 eutem
1639 4417 1734 4488 uliquis
1745 4420 1826 4474 etiam
1840 4421 1873 4474 ed
1893 4425 1929 4480 78

1061 4529 1135 4568 cusos
1146 4509 1266 4563 lurtuitos
1285 4515 1420 4570 tenentur,
1429 4501 1484 4558 eid.
1499 4499 1619 4555 Leuterb.
1637 4503 1673 4556 ud
1684 4504 1726 4554 ris.
1738 4503 1874 4558 commod.

1061 4595 1083 4670 5,
1091 4597 1150 4666 fin.
1169 4593 1203 4645 lit
1220 4609 1254 4643 au
1273 4590 1331 4654 illi,
1348 4587 1393 4658 qni
1413 4602 1488 4640 casus
1506 4583 1595 4638 soiitos
1616 4585 1645 4638 in
1657 4602 1685 4639 sc
1700 4586 1813 4655 recepit,
1828 4603 1875 4640 rm·

1061 4689 1137 4735 crunt
1154 4675 1235 4731 etiem
1255 4691 1328 4727 cesus
1345 4669 1465 4737 insoliti,
1483 4669 1536 4726 eid.
1555 4669 1626 4722 Gaii.
1645 4669 1872 4726 1811112511.

1063 4767 1106 4820 18.
1117 4772 1143 4816 et
1161 4762 1217 4816 obs.
1236 4759 1279 4812 52.
1299 4775 1327 4809 n.
1347 4755 1389 4808 27.
1409 4753 1609 4809 Pentasehman.
1628 4752 1646 4803 1.
1667 4754 1691 4802 1.
1708 4771 1754 4822 pu.
1772 4753 1799 4806 ’1.

1096 4843 1196 4897 Ultimo
1216 4839 1369 4909 etquidem
1390 4838 1489 4890 ratione
1507 4835 1639 4907 propositi
1658 4837 1746 4890 nostri
1765 4839 1872 4908 potissi·
1890 4842 1926 4896 80

1061 4947 1103 4980 me
1122 4925 1212 4978 damni
1240 4921 1337 4976 divisio
1361 4930 1400 4974 est
1424 4920 1453 4972 in
1475 4919 1578 4973 licitum
1602 4928 1629 4971 et
1646 4917 1778 4974 titinium.
1800 4924 1875 4990 cujus

1060 5009 1130 5063 accis
1148 5017 1283 5069 ueterem,
1301 5022 1359 5060 cnm
1383 5005 1490 5057 alterum
1516 5011 1620 5056 nostrae
1645 5004 1673 5056 ic
1693 5003 1877 5075 disputatione

1061 5093 1180 5146 rubricae
1198 5099 1298 5160 perlem
1319 5087 1413 5150 iaciat,
1434 5087 1486 5156 jam
1511 5085 1608 5156 puriter
1629 5088 1766 5143 enucleare
1783 5091 1877 5160 placet.

1061 5173 1203 5229 liescendit
1217 5171 1246 5225 ri
1264 5171 1367 5225 licitum
1385 5189 1399 5222 e
1413 5170 1510 5236 licere,
1528 5169 1600 5223 uude
1616 5172 1697 5224 etiam
1710 5183 1747 5228 ast
1759 5174 1876 5230 licentia.
1894 5168 1929 5220 81

1059 5261 1089 5316 ro'
1108 5260 1189 5312 licere
1200 5267 1285 5310 antem
1299 5273 1351 5308 non
1364 5254 1514 5323 simplicem
1526 5252 1642 5307 admittit
1655 5255 1874 5326 suppositionem.

1063 5343 1198 5398 interdum
1223 5339 1296 5393 enim
1323 5337 1350 5390 id
1376 5339 1456 5390 licere
1475 5336 1602 5402 dicimus,
1630 5339 1699 5408 quod
1726 5353 1824 5394 rectum
1843 5359 1876 5394 ex

1062 5427 1135 5482 omni
1154 5435 1231 5498 parte
1249 5424 1376 5495 piumque
1395 5429 1448 5485 est,
1460 5419 1565 5474 etiemsi
1579 5418 1651 5474 eliud
1662 5421 1728 5493 quid
1745 5419 1805 5478 lieri
1818 5441 1878 5496 pos-

1064 5513 1097 5566 sit
1107 5509 1281 5576 hudsbilius,
1291 5524 1345 5578 quo
1357 5506 1475 5578 pertinet
1487 5503 1556 5558 1111111
1569 5505 1653 5563 Peulie
1669 5505 1758 5560 lirim
1772 5507 1819 5582 piu
1829 5528 1874 5580 μοι

1061 5591 1158 5656 ἶξτστιν
1173 5590 1264 5646 ,11111
1278 5607 1365 5644 παντα
1386 5587 1517 5659 coppian-
1533 5587 1649 5660 adeoque
1671 5589 1752 5643 etiem
1772 5589 1801 5644 in
1820 5592 1877 5664 ipse

1065 5677 1199 5730 honestate
1216 5673 1313 5728 ‹ientnr
1332 5671 1466 5728 interdum
1479 5671 1586 5743 modus,
1598 5687 1729 5742 unumque
1741 5675 1824 5731 alteru
1836 5689 1878 5733 est
