4414 6220
837 388 1224 478 ntsettt'nrto
1275 383 1483 464 snm

526 609 629 724 llll!
664 599 862 724 illibi}
897 581 1491 710 nttttttteettttttt
1526 572 1844 698 unusne

833 779 1532 910 tttttttttttttutttttttttt.
1591 769 1594 774 ’

872 1050 957 1096 mo
980 1047 1177 1094 mum·
1199 1043 1242 1087 tn
1263 1045 1298 1088 D·
1321 1041 1392 1088 m.
1414 1035 1501 1085 Wl-

982 1225 1373 1278 cotronense

643 1393 856 1454 JOHllllllli
879 1395 1106 1454 Attont’flo
1130 1385 1422 1472 ltlA'l'l'llESlO,
1446 1378 1585 1449 flabia.
1612 1377 1718 1448 ΕΛΚ.

899 1609 1459 1660 ..ψ-

936 1808 1443 1884 PRAEFATIO.

343 2017 406 2149 N
407 2097 451 2143 on
474 2075 585 2170 ignota
610 2075 862 2169 privilegiorum
885 2075 1090 2157 velamenta,
1115 2073 1241 2166 quibus
1263 2074 1409 2167 quisque
1430 2072 1665 2142 communibus
1686 2073 1800 2168 legum
1830 2072 1961 2141 sancitis
1991 2093 2027 2136 se

342 2165 489 2232 eximere
511 2168 622 2272 gestit.
647 2167 887 2260 Unusquisque
908 2168 1054 2252 civium,
1079 2166 1129 2232 uti
1153 2187 1213 2231 suo
1236 2165 1388 2258 indulget
1410 2167 1527 2258 genio,
1549 2165 1594 2230 ita
1617 2187 1677 2231 sno
1699 2189 1836 2258 quoqne
1868 2168 1943 2256 jure
1977 2161 2026 2228 vi-

343 2275 423 2321 vere
445 2267 550 2348 cupit.
574 2255 717 2322 Sordent
739 2279 926 2324 communes
951 2257 1154 2351 reliquorum
1179 2271 1302 2340 sortes3
1324 2268 1416 2347 grata
1443 2279 1520 2322 vero
1547 2265 1649 2336 sunt,
1680 2279 1767 2346 qnae
1803 2252 2028 2345 singularibus

342 2349 508 2438 cujusque
529 2345 708 2413 commodis
730 2359 853 2436 parata.
877 2345 1093 2440 Quapropter
1116 2347 1170 2434 jus
1192 2345 1361 2436 singulare
1384 2363 1515 2436 exoptat
1537 2345 1698 2437 quilibet,
1715 2367 1785 2436 quo
1799 2369 1856 2414 sua
1874 2353 2027 2434 provocet

342 2433 533 2520 commoda,
555 2459 689 2503 securus
712 2435 909 2519 admodum,
931 2461 976 2504 an
1000 2437 1079 2504 inde
1103 2434 1254 2502 laedatur
1275 2435 1362 2502 salus
1384 2437 1478 2527 publ.
1502 2461 1547 2503 an
1564 2449 1806 2526 promoveatur.
1821 2433 1922 2500 Prodi
1948 2432 2027 2500 ihic

343 2525 478 2616 saepius
500 2525 666 2617 principes
687 2545 787 2612 sunt,
806 2549 874 2592 non
898 2526 1070 2610 liberales,
1093 2523 1178 2592 dum
1202 2524 1346 2592 nimium
1369 2525 1549 2617 indulgent
1614 2526 1758 2592 tentinm
1782 2525 1878 2594 votis.
1910 2457 2028 2590 tirom-

342 2629 400 2703 pta
423 2632 532 2682 tamen
556 2615 610 2682 hic
631 2617 815 2682 communis
837 2616 918 2684 boni
942 2621 1087 2708 jactura.-
1109 2613 1191 2682 huic
1214 2616 1304 2682 enim
1329 2627 1456 2684 tantum
1481 2549 1630 2697 dcccviii,
1646 2629 1818 2706 *qnantum
1836 2616 1921 2681 ultra
1938 2635 2028 2679 com·

341 2724 479 2772 munem
502 2702 709 2796 reliquorum
732 2719 854 2774 sortem
878 2709 940 2774 uni
964 2705 1173 2799 indulgetur.
1197 2703 1361 2774 Exoritur
1384 2707 1465 2776 inde
1488 2705 1581 2774 haud
1598 2729 1672 2773 raro
1687 2705 1935 2798 privilegiorum
1951 2726 2027 2770 con-

342 2817 478 2876 cursus,
500 2795 561 2860 ubi
585 2795 646 2861 uni
671 2795 844 2888 privilegio
866 2820 926 2864 suo
950 2820 1010 2887 pro
1033 2822 1070 2866 re
1094 2815 1171 2864 nata
1209 2821 1331 2880 usuro,
1368 2798 1452 2865 alter
1480 2795 1630 2888 ejusdem
1663 2797 1831 2889 privilegii
1858 2793 2027 2862 contmodn

343 2881 411 2950 sibi
432 2907 570 2976 quoqne
593 2883 723 2952 indulto
746 2887 891 2976 reponit.
917 2887 1108 2978 Utrumque
1133 2911 1212 2956 vero
1233 2911 1309 2954 cum
1333 2889 1369 2954 in
1394 2887 1509 2954 iisdem
1534 2887 1685 2952 terminis
1717 2885 1839 2954 frustra
1870 2883 2027 2951 adhibea-

343 2989 415 3056 tur,
439 2975 720 3066 privilegiumque
743 2999 850 3042 unum
875 2977 1066 3066 persimile
1090 2977 1290 3046 beneficium
1312 2978 1447 3045 alterius
1471 2975 1628 3043 reddatur
1642 2977 1841 3056 clusoriam,
1856 2973 2026 3041 necessitas

343 3063 414 3153 ipsa
437 3065 523 3130 viam
547 3063 665 3154 pandit
688 3066 848 3154 pristinae
870 3067 954 3157 juris
975 3070 1163 3134 communis
1185 3070 1426 3136 observantiae.
1452 3067 1506 3133 Ex
1529 3089 1599 3158 quo
1621 3068 1745 3134 natales
1776 3065 1938 3132 derivavit
1966 3063 2025 3128 de-

343 3155 609 3220 cantatissimum
648 3153 733 3220 illud
765 3155 1095 3260 jurisconsultorum
1134 3159 1298 3224 axioma:
1342 3157 1573 3248 privilegiatus
1618 3169 1732 3223 contra
1780 3154 2026 3247 privilegiatum

339 3243 448 3310 utitur
495 3246 567 3309 'ure
604 3266 786 3313 communi.
824 3245 980 3314 Materies
1019 3249 1100 3316 haec
1138 3271 1205 3314 non
1246 3247 1384 3339 indigna
1410 3249 1493 3313 tuihi
1517 3249 1602 3324 visa,
1626 3271 1714 3337 quae
1746 3246 1936 3336 speciminis
1958 3267 2026 3309 aca-

345 3331 466 3398 demici
503 3355 559 3399 oco
583 3331 720 3403 uberius
742 3335 948 3403 declaretur:
972 3338 1099 3406 utilitas
1128 3339 1256 3430 quippe
1292 3338 1464 3418 materiae,
1493 3359 1563 3404 uno
1590 3337 1661 3403 loco
1688 3335 1846 3402 hactenus
1877 3333 2026 3401 nondum

343 3420 523 3505 discussae,
547 3445 582 3490 se
604 3425 813 3493 commendat
835 3426 933 3493 illico.
958 3425 1092 3494 Faciam
1115 3451 1194 3520 ego,
1225 3439 1391 3520 qnantum
1415 3427 1542 3518 ingenii
1570 3426 1659 3494 sires
1692 3428 1896 3580 permittent.
1925 3422 2026 3489 Plura

343 3509 524 3580 desiderari
550 3535 665 3605 posse,
687 3514 809 3582 fateor:
834 3539 954 3583 verum
977 3518 1097 3608 privile
1122 3520 1154 3584 io
1170 3519 1402 3586 hocsubnixos
1425 3517 1522 3584 credo
1544 3517 1682 3607 cupidos
1710 3517 1732 3583 l.
1748 3516 1903 3597 cultures,
1920 3536 1962 3578 ne
1978 3523 2028 3574 te·

344 3613 512 3686 neentur,
534 3604 620 3670 ultra
644 3628 745 3694 quam
770 3604 874 3674 iacere
898 3609 1035 3698 possint.
1057 3544 1119 3674 Al
1135 3607 1196 3674 hoc
1218 3630 1279 3701 ego
1334 3608 1435 3674 ariter
1462 3629 1622 3699 provoco,
1653 3607 1867 3711 benignoque
1899 3600 2029 3668 lectoris

345 3690 495 3782 judicio,
520 3717 573 3760 me
598 3695 727 3761 veniam
752 3713 934 3762 erratorum
958 3697 1214 3788 impetraturum
1238 3631 1379 3764 conlido.
1403 3697 1480 3792 Qus
1503 3697 1609 3767 lretus
1639 3696 1780 3784 fiducia,
1808 3703 2027 3782 invocatoque

346 3779 456 3850 divini
481 3783 634 3853 numinis
657 3785 800 3872 auxilio,
823 3807 876 3853 me
899 3787 993 3877 operi
1015 3789 1162 3880 accingo.
1186 3789 1239 3856 Sit
1262 3789 1389 3884 itaque.

1044 3997 1291 4068 CAPUT
1329 3995 1357 4066 1.

749 4179 807 4249 De
827 4183 1091 4275 privilegiorum
1112 4187 1330 4252 concessione
1353 4207 1395 4251 ac
1420 4187 1619 4252 retorsione.

578 4361 599 4412 S
619 4363 648 4418 U
662 4361 699 4413 M
710 4361 747 4414 d!
761 4365 789 4418 A
808 4369 833 4420 ll
849 4367 914 4424 1A
1206 4369 1358 4424 limitatur
1377 4368 1467 4422 tertio.
1487 4385 1516 4420 n·
1535 4367 1577 4420 tt.

1206 4453 1354 4522 Privilcgii
1370 4450 1503 4524 definitio.
1522 4467 1550 4504 n.
1569 4451 1612 4501 to.

1208 4537 1341 4607 Privileg.
1359 4537 1494 4608 quomodo
1513 4535 1626 4588 ulterius
1638 4548 1657 4588 o
1670 4531 1800 4605 beneficio
1811 4527 1932 4600 dtffirut.
1943 4547 1971 4584 n·
1986 4525 2030 4578 Π·

340 4601 480 4658 Introduc.
500 4622 527 4658 rt.
547 4606 585 4680 1.Ι
1209 4619 1404 4691 privilegiatus.
1419 4617 1530 4688 quinum
1548 4617 1604 4671 tit?
1616 4629 1648 4670 n
1670 4617 1713 4669 18.

345 4690 513 4746 Vocabulum
536 4693 614 4767 jurio
641 4696 833 4767 quotupliciter
861 4701 987 4774 capiatur
1016 4708 1160 4764 mutuans
1212 4699 1556 4772 Quotupteaen'ttn.19.
1576 4699 1622 4750 1ο.

373 4792 401 4828 '¹⁸
419 4775 446 4828 ²·
1209 4785 1412 4841 consuetudins
1429 4791 1458 4836 et
1471 4779 1687 4855 praescn'ptione
1703 4782 1798 4838 induci
1811 4791 1899 4851 potest
1921 4779 2031 4850 pvt’ot'te·

339 4859 524 4932 Prtuttegutem
541 4862 608 4934 quta
624 4863 662 4917 rit
679 4864 824 4922 remittite.
843 4885 870 4922 n.
891 4870 917 4922 8.
1242 4867 1330 4937 glum.
1350 4883 1378 4920 n.
1397 4866 1442 4917 21.

343 4943 418 5012 Uuid
432 4947 469 4999 sit
485 4948 565 5019 quart
578 4947 766 5020 priuilegium?
783 4969 811 5004 n.
831 4953 857 5006 t.
1214 4951 1333 5022 Quando
1350 4965 1390 5016 pr.
1407 4961 1536 5003 concute
1554 4946 1621 5020 prio.
1635 4948 1721 5019 poerit
1742 4945 1897 5001 succure?
1920 4961 1947 4996 n.
1980 4943 2024 4998 22.

340 5027 508 5101 Benyiet'nm
525 5033 661 5103 quomodo
681 5053 700 5089 a
715 5035 857 5105 prt'oilegt'o
875 5034 1009 5106 dtffimti
1026 5056 1054 5092 ts.
1073 5039 1099 5092 ll.
1249 5037 1293 5088 st.
1312 5034 1354 5088 38.
1882 5077 1888 5084 .

339 5111 478 5185 Beneficia
495 5115 624 5188 principis
641 5118 698 5173 tute
716 5118 930 5190 interpretanda.
948 5139 976 5176 n.
994 5123 1019 5177 1
1077 5153 1084 5164 =
1211 5122 1325 5177 Nullum
1340 5118 1516 5190 pn'ot'iegiurn
1528 5115 1587 5170 rino
1597 5127 1682 5170 consu
1693 5112 1821 5166 reuocari
1830 5123 1927 5186 potest.
1940 5131 1968 5166 n.
1982 5115 2029 5165 28.

340 5196 509 5253 Declaratur
526 5200 661 5271 exemplo·
680 5219 710 5254 n.
728 5203 755 5256 7.
1212 5207 1269 5260 Jnt
1285 5207 1434 5278 quassum
1451 5203 1559 5256 stamini
1570 5207 1660 5269 potest
1677 5197 1794 5268 avfferri.
1812 5216 1841 5253 n.
1859 5199 1905 5250 att.

338 5283 429 5338 Danu
443 5283 487 5337 ln'c
503 5285 582 5355 quusi
589 5286 640 5357 jus
657 5289 837 5344 cccrcrcsndl
857 5309 885 5346 n.
905 5292 932 5345 a.
1211 5289 1338 5345 Βοιωτία
1354 5288 1439 5342 umal
1453 5294 1590 5354 wccptctn
1608 5282 1732 5338 unocurt*
1749 5281 1848 5352 nquit.
1869 5301 1897 5334 n.
1916 5283 1959 5336 17.

339 5365 430 5438 Hujut
446 5367 614 5436 exemplum.
634 5387 663 5426 n.
682 5371 727 5423 tt.
1211 5375 1269 5430 Nec
1284 5391 1301 5426 u
1315 5372 1438 5444 principe
1462 5385 1613 5427 turcarum
1641 5367 1768 5424 reuocari
1789 5371 1891 5438 poterit
1912 5365 2025 5438 prioiuil.

340 5449 478 5520 Beneficia
494 5452 550 5508 lats
567 5451 770 5526 interpretando
787 5471 843 5513 erte
860 5459 1001 5514 lr'mt'tutnr.
1020 5475 1049 5512 tn
1069 5459 1112 5514 122
1248 5475 1277 5512 n.
1296 5459 1342 5511 28.

338 5535 740 5594 Lannmurrecundc.n.1³.
1212 5539 1398 5612 Priur'tegt'um
1406 5556 1458 5611 per
1469 5537 1586 5592 modurn
1597 5545 1752 5600 sommant
1762 5551 1926 5605 conensem,
1940 5553 2033 5592 unn-

343 5621 406 5676 Hcc
420 5620 518 5678 lterum
534 5623 727 5680 sutttmtrurur.
746 5641 774 5678 n.
793 5624 836 5680 rt.
1251 5624 1351 5681 cocart
1361 5623 1467 5696 punit?
1478 5641 1508 5675 n.
1519 5621 1564 5674 20.
