4446 6220
35 176 108 227 ι·Ι
161 173 256 233 “..ἰ’
308 181 334 196 Ἰ

160 397 163 406 ’
181 406 314 460 animum:
335 421 394 456 nam
410 403 491 462 tacite
503 405 651 477 quieliatut·
662 404 786 472 traditios
812 410 922 465 teritum
936 409 1001 478 qnid

181 499 292 542 nonest
311 489 472 554 haben-itini,
493 490 545 542 nisi
565 493 750 559 praesumendi
764 493 851 545 ιιιιιιιιι
866 511 1003 564 argumen-

181 581 215 624 ta.
233 577 368 626 Accersas
384 587 409 627 et
429 591 551 640 repauses
565 591 613 644 per
624 576 1000 646 enormitatum-possessorium

178 657 354 711 interveniens
366 659 542 712 traditionem
562 671 588 710 et
607 661 785 726 acceptionem
807 661 1000 726 interuenisse,

176 743 253 796 etuti
273 745 301 796 in
320 746 463 796 constituto
480 744 592 798 traditio
612 747 785 798 intercepisse
802 751 890 804 sooria
913 767 1001 801 eonse-

177 833 233 890 tor,
254 826 290 878 ita
310 837 333 877 et
350 828 383 878 in
398 832 453 878 »tsoo
471 845 531 879 casn
550 829 704 882 ιοιιιιιιιιιι.
725 832 783 882 Boc
803 831 928 902 displicet
941 834 1001 887 Διιι.

153 889 262 962 *Rubro
280 908 397 963 odedi.
415 911 441 960 2.
459 909 520 980 quia
539 912 714 966 maritimum
732 924 772 966 est
789 931 931 986 eoeprertnr
944 935 999 970 mo·

175 993 223 1048 dus
243 995 358 1050 dominii
377 993 562 1060 transterendi,
581 999 599 1049 l.
615 1000 659 1049 18.
662 998 705 1066 ff
719 999 752 1052 rle
766 1005 921 1073 ocpnr'reltd.
934 1019 998 1070 pos·

173 1077 395 1132 reinsumatur:
411 1080 458 1134 sed
476 1081 547 1133 aliud
567 1092 606 1138 est
623 1100 771 1151 expressus
791 1087 886 1139 moder
909 1087 1000 1158 acqui·

173 1162 267 1228 cendi,
287 1165 358 1216 alind
376 1181 505 1236 expressa
525 1167 647 1220 traditio.
669 1168 745 1222 iilum
759 1169 857 1238 alasque
872 1170 919 1222 itae
938 1189 998 1240 pro·

172 1248 267 1302 cedere
284 1267 317 1303 es
335 1249 362 1302 d.
377 1252 398 1302 l.
416 1252 443 1303 2.
460 1260 550 1320 petet,
569 1252 685 1322 indeque
705 1256 800 1307 tacitae
824 1251 997 1322 traditionis,

170 1335 339 1390 coustitutum
359 1335 556 1400 intercedentis,
575 1347 727 1406 argutaenta
746 1337 881 1392 desumere
894 1339 997 1393 licebit.

170 1416 202 1472 Et
221 1419 339 1489 prolecto
359 1419 405 1473 lton
428 1417 580 1485 traditione,
600 1419 646 1472 sed
666 1437 717 1474 non
731 1423 880 1491 siia,qnam
894 1423 996 1493 priuata

171 1504 295 1556 straena
314 1503 464 1574 peragitur.
484 1504 550 1556 Nem
577 1506 638 1557 dnm
663 1507 723 1574 quis
747 1508 857 1561 sltem'ns
889 1525 998 1560 nomine

166 1583 265 1655 (quod
283 1588 415 1657 contingit
433 1587 456 1640 si
474 1589 577 1658 pignus,
595 1587 778 1656 ususfructus,
795 1589 908 1654 locatio,
927 1611 997 1645 com·

170 1667 322 1736 nodatum,
342 1671 488 1741 precarium
506 1682 549 1725 ant
573 1671 723 1741 depositum
749 1674 901 1728 naturaiiter
931 1693 996 1728 aton·

169 1751 231 1806 ιιιιιιι
253 1754 361 1808 studitae
380 1755 418 1808 rei
438 1757 629 1824 constituatur)
640 1756 777 1810 constitnit
792 1757 926 1825 possidere
939 1775 993 1812 rem

167 1840 247 1905 qaam
266 1836 383 1889 nondum
404 1837 587 1901 transtulerat,
610 1850 715 1909 oportet
731 1849 761 1892 nt
780 1841 853 1908 prius
873 1841 992 1896 animum

170 1918 293 1972 hebuerit
310 1920 423 1973 cedendi
443 1921 608 1991 possessione
625 1924 715 1985 uirilis
740 1924 801 1992 quia
828 1941 906 1976 nemo
931 1925 992 1990 rei,

167 2013 246 2056 antea
263 2022 341 2069 suae,
361 2005 553 2075 possessionem
573 2007 686 2060 alienam
707 2003 989 2071 esseconitetur,nisi

166 2085 214 2156 qni
233 2107 283 2143 una
301 2088 409 2154 sonoris
428 2092 621 2159 possessionem
641 2107 668 2142 se
685 2092 739 2159 iant
760 2091 882 2143 inillam
904 2101 989 2144 trans·

166 2171 266 2224 iniisse.
287 2178 403 2242 lipparet
420 2189 524 2242 quoque
543 2174 651 2246 ani-uo
669 2174 817 2244 aecipiendi
833 2175 865 2226 in
883 2174 988 2240 altero,

166 2257 230 2312 dnm
243 2259 320 2312 alteri
338 2258 469 2326 peronittir
488 2257 573 2327 ipsius
593 2257 700 2311 nomiae
719 2257 869 2328 possidere.
892 2257 986 2312 Fateor

166 2354 278 2408 samen,
296 2345 407 2414 ,paetus
431 2319 497 2410 pti.
528 2342 572 2394 ate
596 2342 739 2413 quidquam
758 2339 985 2396 insanientum.

166 2427 236 2482 Nam
255 2428 317 2482 licet
335 2429 402 2480 alias
417 2429 479 2500 quis
498 2427 527 2480 in
544 2425 656 2480 alterum
683 2427 748 2480 solit
765 2425 908 2480 transferre
926 2445 985 2498 pos·

166 2515 322 2578 sessionem,
341 2513 385 2566 ιιι
402 2530 504 2584 quoque
522 2512 582 2566 uelit
602 2511 729 2580 accipere,
748 2525 802 2564 non
821 2521 906 2564 umen
925 2528 986 2580 pos·

164 2598 251 2652 sessio
271 2597 392 2650 translata
407 2606 540 2658 censetor,
555 2591 607 2646 nisi
628 2591 708 2648 alind
723 2589 878 2663 quidquam,
892 2593 986 2658 dares,

162 2681 314 2754 ¹proesentis
333 2681 386 2744 rei,
403 2688 449 2732 aut
465 2679 644 2732 instrumenta
660 2677 852 2741 contentionis,
875 2676 986 2730 interre-

160 2769 271 2821 nerint.
291 2767 342 2820 Sed
362 2767 389 2818 id
409 2781 462 2818 non
482 2762 623 2836 probibet,
648 2779 700 2832 quo
727 2763 815 2816 minos
842 2761 896 2816 diei
923 2778 987 2832 pos·

164 2855 201 2908 sit
219 2853 263 2924 (1)
287 2852 461 2908 interuenisse
486 2849 660 2904 traditionem
686 2845 882 2914 possessionis,
908 2844 988 2915 idque

161 2938 305 3008 probatus-3
323 2937 341 2990 l.
359 2937 402 2988 28.
421 2953 445 2988 e.
467 2931 615 2988 dederint.
639 2931 748 2985 serbis:
770 2945 837 2982 eum
864 2929 994 2994 continuo

162 3023 309 3078 tradidisse
320 3021 453 3085 credatur,
468 3035 518 3073 nec
530 3018 596 3090 qnid
608 3016 724 3086 urnplinr
741 3014 916 3084 requiratur,
935 3033 988 3085 pao

161 3104 342 3178 magirsocta
360 3103 484 3158 uideatur
510 3101 624 3154 traditio
643 3101 683 3171 (ι)
701 3099 870 3154 traditionem
889 3100 922 3154 ab
941 3103 990 3156 iiio

160 3189 274 3254 laetam,
293 3190 338 3262 qui
358 3187 449 3240 eadem
469 3183 612 3240 transferre
627 3169 867 3252 obstringebatur.
892 3186 989 3239 Tradi-

160 3277 202 3328 tio
219 3276 311 3338 enim,
329 3283 359 3327 ιιι
379 3273 440 3326 iacti
460 3271 548 3343 quid,
569 3271 602 3324 de
619 3273 677 3340 joae
697 3271 844 3342 praedicari
864 3285 985 3344 conpot-

159 3367 220 3409 sst.
248 3354 302 3408 Nee
319 3354 406 3408 obstat
423 3354 442 3405 l.
461 3353 504 3404 ιιι.
517 3358 544 3416 ς.
563 3353 588 3404 i.
608 3369 630 3406 a.
653 3353 688 3406 de
713 3353 807 3406 donat.
824 3353 895 3424 qood
914 3357 986 3410 disat

151 3439 222 3511 jure
232 3437 408 3492 traditionem
412 3435 493 3508 fieri,
511 3437 534 3486 si
555 3434 666 3488 donator
685 3447 744 3490 ante
764 3437 932 3492 traditionem
953 3439 985 3494 de

158 3520 299 3575 ιιιιιιιιιιιιι
318 3521 369 3574 sibi
390 3518 509 3574 babendo
528 3519 557 3571 in
584 3535 612 3572 ro
636 3519 730 3572 donata
755 3541 815 3576 cum
848 3523 984 3579 donateris

159 3607 328 3661 murenerit.
347 3605 412 3658 Nam
431 3605 492 3658 lieet
511 3603 578 3656 illud
604 3606 778 3658 constitutum
797 3609 850 3668 sits
871 3619 985 3662 attamen

160 3692 239 3747 rerba
249 3693 318 3765 juste
333 3689 416 3760 fieri,
434 3689 469 3742 ob
489 3690 566 3758 paolo
583 3701 644 3742 ante
661 3686 763 3744 dicim
787 3691 920 3744 tutionem
939 3694 983 3744 in-

162 3777 247 3847 telligi
266 3787 374 3846 possunt
392 3783 419 3827 et
437 3773 533 3828 debent
552 3773 585 3826 de
602 3791 652 3836 eo,
671 3791 702 3824 aa
721 3773 745 3825 si
761 3772 876 3838 dictans,
894 3776 984 3828 trodi-

161 3865 265 3916 tr'onem
284 3863 353 3929 justo
370 3861 409 3912 ric
423 3855 511 3928 fieri.
531 3856 611 3926 ldqoe
629 3855 751 3908 sensisse
783 3859 981 3925 necessarium,

712 311 772 368 nn
791 309 835 368 cu
855 310 955 383 onon
967 309 1029 366 ιιι
1047 309 1128 368 raso
1145 311 1253 382 snae,
1271 273 1333 372 ιιι.

1052 409 1107 461 aiei
1127 411 1277 466 alomiainm
1309 414 1393 485 ipsios
1423 415 1451 470 ιιι
1483 423 1606 478 ιιιιιιιιιιιι
1634 433 1876 504 transtulisset,et

1053 510 1105 545 rem
1127 495 1263 550 retinendo
1283 498 1366 569 ipsius
1392 503 1520 567 nomine,
1546 523 1601 561 rem
1628 512 1707 566 istam
1738 521 1876 588 possidere

1051 577 1215 632 corastituit.
1242 582 1390 635 videntium
1410 602 1441 636 an
1462 587 1531 641 idem
1552 605 1632 660 agat,
1651 598 1695 666 quii
1715 605 1874 661 toct'etatem

1050 679 1109 714 oum
1129 666 1212 718 altero
1232 666 1299 721 init.
1319 668 1462 740 Nonopus
1481 675 1586 742 quidem
1606 679 1696 739 luisset
1708 723 1717 750 ,
1737 699 1765 740 ot
1786 691 1874 744 sotius

1051 743 1079 794 in
1097 747 1197 799 ιοοιιιιιι
1216 751 1255 800 aei
1276 767 1340 804 snae
1357 757 1521 811 transtulerit
1539 760 1709 834 dominium,
1736 771 1781 825 sed
1807 771 1873 832 linis

1050 828 1192 893 societatis,
1210 833 1280 885 locri
1296 853 1335 888 se.
1354 841 1512 906 persecutio,
1532 845 1648 901 obtineri
1669 857 1812 926 potuisset,
1827 880 1868 915 re.

1050 907 1114 962 licta
1133 915 1203 966 socio
1223 913 1353 980 laenitate,
1373 928 1399 970 ut
1417 921 1469 984 jori
1489 925 1659 978 sacerdototii
1672 938 1808 989 transisset
1822 946 1872 1000 do.

1050 991 1163 1046 minium
1185 997 1212 1046 in
1232 996 1321 1062 illurn,
1341 1015 1399 1050 cum
1418 1017 1473 1067 quo
1490 1013 1657 1058 contraxerat
1672 1025 1718 1078 spe
1731 1011 1796 1065 lucri
1810 1033 1874 1070 oost-

1048 1075 1131 1125 sort'to
1148 1077 1324 1143 conciliandip
1346 1097 1441 1132 oerum
1461 1099 1497 1133 ese
1513 1084 1531 1136 l.
1554 1088 1579 1138 7.
1601 1095 1622 1150 ς.
1630 1087 1688 1159 fin.
1696 1091 1738 1160 ff.
1761 1097 1870 1166 quibus.

1049 1158 1118 1210 mod.
1130 1159 1206 1228 pigo.
1219 1163 1261 1215 oei
1271 1163 1380 1231 impoti.
1394 1164 1412 1220 l.
1424 1165 1495 1220 nnio.
1507 1185 1533 1222 e.
1550 1169 1577 1223 ri
1588 1188 1638 1226 res.
1650 1193 1789 1232 eornmnn.
1797 1181 1872 1254 pigra.

1047 1255 1153 1294 necnon
1163 1245 1189 1296 d.
1203 1245 1342 1314 l.1.§.7in.
1354 1257 1380 1300 et
1391 1249 1409 1299 l.
1420 1264 1495 1329 sequ.
1510 1254 1574 1305 satis
1592 1257 1726 1326 probatur,
1746 1263 1784 1317 rel
1796 1283 1872 1319 moro

1046 1322 1086 1372 rel
1104 1325 1238 1380 saeuiente
1256 1330 1389 1398 sicjure,
1419 1331 1567 1388 dominium
1595 1339 1623 1391 iu
1655 1347 1754 1396 socium
1789 1345 1872 1402 inisse

1049 1408 1221 1462 translatum.
1244 1412 1326 1479 igitur
1351 1433 1411 1466 cura
1430 1418 1491 1486 quis
1515 1419 1626 1474 alterurn
1653 1425 1754 1478 saclusa
1783 1427 1871 1496 l'aeit,

1048 1491 1125 1544 tacite
1138 1491 1238 1550 ridetur
1251 1498 1277 1548 in
1293 1492 1380 1570 ipsum
1396 1502 1433 1553 rei
1448 1519 1510 1554 strae
1528 1507 1695 1560 treustdlisse
1709 1511 1869 1571 dominium.

1046 1571 1112 1626 Nam
1133 1577 1178 1628 ubi
1197 1580 1283 1632 socius
1300 1583 1360 1650 quis
1379 1594 1427 1648 est,
1448 1601 1507 1638 rasos
1528 1589 1650 1644 dominns
1667 1603 1725 1660 est,
1744 1599 1806 1666 qnia
1825 1618 1868 1654 so-
1964 1651 1968 1662 .

1044 1660 1102 1714 cius
1119 1680 1171 1717 non
1189 1663 1315 1720 dominus
1342 1687 1393 1722 nou
1422 1673 1515 1726 datur.
1541 1675 1630 1746 ltaque
1655 1680 1677 1731 si
1706 1698 1761 1736 rem
1785 1687 1867 1742 'istanc

1045 1746 1158 1814 retinet,
1178 1752 1323 1806 messentius
1347 1755 1516 1811 constituisse
1541 1761 1649 1816 nornine
1674 1766 1785 1835 alieno,
1811 1777 1870 1830 scil.

1043 1831 1129 1896 socii,
1150 1851 1198 1902 pro
1216 1847 1291 1904 parte
1310 1838 1395 1907 ipsias
1410 1840 1529 1894 indirisa
1547 1847 1700 1914 possideres
1722 1852 1767 1904 sed
1783 1858 1843 1924 jure
1861 1898 1868 1921 ,

1030 1913 1158 1980 ¹dicerer,
1173 1918 1241 1972 unde
1261 1921 1387 1990 probatur
1405 1923 1505 1978 sociam
1527 1943 1580 1980 non
1598 1920 1666 1996 eise,
1685 1933 1738 1986 aisi
1754 1941 1874 2012 resipsi'

1042 1999 1155 2054 tradita?
1173 2005 1374 2072 desponderem
1392 2007 1425 2058 ad
1444 2008 1593 2062 salvandam
1613 2011 1657 2066 dd.
1671 2013 1866 2088 interpretatio-

1038 2101 1097 2136 nem
1117 2091 1365 2161 praesupponeudos
1384 2108 1442 2144 esse
1462 2095 1591 2148 terminos
1607 2106 1717 2152 naturae
1730 2105 1870 2160 constituti

1037 2181 1129 2238 aptos.
1148 2171 1200 2226 snt
1219 2175 1327 2240 oistot,
1345 2174 1416 2244 qood
1435 2179 1547 2231 societas
1567 2180 1603 2233 sit
1625 2195 1779 2238 contractus
1806 2207 1867 2242 uota·

1035 2254 1165 2307 sesasualis
1177 2271 1229 2309 non
1242 2257 1336 2321 realis,
1351 2259 1682 2330 indeqneooncludenslum
1699 2265 1747 2333 sit,
1760 2274 1862 2328 ancisus

1035 2338 1087 2406 jaan
1105 2355 1171 2402 esse,
1189 2339 1235 2391 ubi
1256 2341 1288 2392 de
1306 2341 1428 2397 societate
1443 2354 1601 2398 conuentum
1615 2358 1753 2417 antequam
1767 2355 1860 2410 eidem

1034 2434 1074 2474 res
1094 2421 1230 2477 tradatur.
1258 2423 1317 2478 Non
1344 2426 1428 2494 igitur
1451 2439 1516 2498 poto
1539 2433 1760 2500 praesumendum
1780 2457 1862 2509 esse,

1033 2505 1124 2571 tacitae
1144 2507 1297 2562 traditionis
1316 2530 1331 2563 a
1352 2513 1411 2566 icto
1428 2512 1452 2566 d.
1472 2515 1491 2565 l.
1510 2514 1535 2566 ι.
1553 2529 1666 2570 assertae
1685 2520 1813 2576 rationem
1828 2543 1859 2579 os

1035 2589 1291 2656 sinemurensem,
1311 2593 1366 2645 sed
1386 2596 1487 2648 exalia
1513 2600 1617 2652 ueonlta
1639 2601 1759 2665 rationes
1783 2607 1864 2679 idque

1036 2667 1125 2723 dicer-e
1142 2672 1277 2726 denentins
1296 2675 1438 2744 arbitror,
1466 2697 1544 2750 quam
1571 2683 1714 2753 incongrua
1732 2689 1863 2760 allegare.

1037 2753 1175 2808 Caeterum
1189 2755 1446 2830 cirmumcidamus
1462 2763 1540 2815 tacita
1557 2765 1696 2820 traditione
1707 2768 1859 2828 dominium

1039 2842 1193 2894 trasrsiatum
1206 2851 1257 2909 est,
1270 2855 1296 2898 ut
1309 2843 1375 2897 bons
1391 2844 1418 2897 in
1434 2845 1585 2917 longinquis
1605 2847 1677 2904 lorte
1696 2853 1764 2908 locis
1778 2857 1829 2912 sita
1847 2882 1861 2915 a

1038 2937 1169 2979 momento
1204 2927 1287 2979 initae
1310 2927 1443 2982 societatis
1468 2947 1517 3000 pso
1547 2945 1619 3001 parte
1656 2935 1771 2992 ιιιιιιιιιι
1806 2944 1862 2999 sire

1037 3006 1128 3059 sociali
1141 3008 1260 3062 societati
1273 3011 1346 3064 illata
1361 3010 1518 3078 habeantur,
1534 3015 1682 3088 eademque
1695 3015 1777 3075 sanita
1797 3037 1861 3081 ante

1037 3095 1199 3162 corporalem
1213 3096 1449 3165 apprehensionem
1470 3100 1606 3161 societate.
1635 3103 1704 3156 alter
1728 3107 1858 3162 maiorum

1036 3179 1185 3249 participet.
1198 3181 1251 3234 Sed
1265 3190 1294 3234 nt
1304 3180 1337 3233 ab
1352 3181 1431 3234 initio
1445 3183 1527 3255 dnjur
1537 3185 1560 3250 ς.
1575 3184 1692 3252 dictum,
1712 3188 1780 3244 illud
1805 3211 1858 3248 non

1035 3259 1092 3329 ipso
1099 3263 1163 3334 juri
1171 3264 1223 3317 erit
1237 3265 1428 3335 imputandum,
1443 3266 1486 3318 sed
1500 3265 1602 3322 tacitae
1620 3271 1774 3339 eruditioni,
1788 3274 1856 3334 laeto

1035 3348 1102 3414 juris
1115 3347 1223 3402 subditi
1241 3349 1452 3416 estrajndioiali.
1467 3351 1524 3404 llos
1542 3351 1627 3421 quoni
1647 3355 1856 3418 transferendam

1034 3429 1184 3484 domininon
1199 3431 1344 3497 ιοιιοιιιιιι,
1369 3451 1435 3504 quae
1453 3444 1590 3490 momento
1616 3437 1698 3492 initae
1724 3444 1858 3500 societatis

1034 3514 1112 3569 soniis
1129 3517 1286 3586 acquisitae.
1305 3517 1468 3586 Quaeritur,
1487 3537 1520 3570 art
1541 3520 1608 3574 bona
1625 3535 1720 3588 postea
1739 3529 1853 3596 quaesite

1033 3601 1066 3652 ab
1084 3618 1137 3653 uno
1155 3601 1286 3654 sociorum
1305 3603 1381 3654 alteri
1400 3601 1460 3671 ipso
1477 3606 1534 3672 jure
1552 3605 1741 3675 acquirantur?
1760 3611 1855 3666 Deliis

1034 3681 1112 3736 bonis
1130 3682 1149 3734 l.
1167 3681 1211 3734 tt.
1221 3677 1262 3749 ff.
1284 3698 1334 3752 pro
1351 3686 1426 3738 racab
1446 3687 1486 3740 sie
1505 3687 1670 3758 disponitur:
1689 3695 1717 3744 ri
1730 3698 1791 3764 pair
1808 3713 1853 3751 so·

1034 3768 1156 3821 rietatem
1167 3765 1349 3830 contranerit,
1360 3766 1434 3838 quod
1450 3769 1518 3823 emit
1535 3771 1617 3840 ipsias
1629 3773 1680 3844 fit,
1700 3791 1757 3830 nora
1779 3795 1853 3834 eom·

1035 3867 1129 3904 munes
1140 3851 1188 3904 red
1198 3851 1334 3904 raeietotr'r
1339 3851 1443 3920 judr'rr'o
1457 3853 1561 3925 cogitur
1570 3873 1629 3909 rem
1640 3861 1853 3920 communicare.

161 3963 219 4001 enm
238 3945 375 4001 ordinario
392 3945 450 4012 jure
469 3939 578 3994 traditio
596 3943 745 4010 requiratur
763 3953 885 4010 expressa
904 3957 925 3998 s.
939 3960 984 3995 na.
1034 3937 1112 3988 tiens
1124 3946 1213 4006 aperta
1226 3947 1264 3988 est
1274 3955 1282 4000 ι
1294 3935 1422 3988 titionem
1435 3939 1511 4005 juris,
1526 3957 1540 3990 a
1555 3941 1582 3992 d.
1595 3939 1614 3993 l.
1627 3943 1652 3992 ι.
1664 3942 1686 4008 §.
1701 3943 1725 3994 2.
1743 3943 1851 4012 diuersi,

161 4031 321 4086 torellelis
345 4030 392 4081 ille
417 4025 565 4079 intellectus
588 4025 661 4077 dictu
687 4023 705 4075 l.
725 4023 769 4074 28.
787 4019 980 4092 soniis-matur,
1034 4019 1176 4071 baacdant
1194 4017 1237 4070 dd.
1256 4016 1325 4088 qood
1350 4035 1428 4074 nemo
1446 4022 1595 4074 censendus
1616 4023 1758 4080 tradidisse
1780 4028 1851 4084 bona

159 4115 199 4166 ιιιι
218 4116 289 4168 enim
308 4112 384 4167 verba
403 4110 549 4170 trodriiirse
571 4105 718 4174 credatur,
737 4107 807 4160 claro
832 4106 983 4178 significant
1034 4111 1167 4158 momnis>
1180 4101 1269 4158 inlisit,
1281 4101 1427 4166 societatis,
1440 4121 1506 4173 qnae
1518 4112 1580 4158 tnnc
1593 4110 1719 4178 temporis
1731 4111 1849 4167 nondum

157 4197 328 4251 traditionem
348 4199 381 4246 ab
400 4193 458 4264 ipsu
476 4191 602 4245 donatore
616 4190 723 4255 laetam,
737 4207 791 4244 non
803 4189 836 4244 ab
848 4191 910 4257 alio,
928 4211 980 4248 non
1031 4187 1198 4260 possederat.
1216 4188 1315 4242 Verum
1330 4185 1353 4236 si
1376 4188 1514 4240 translatio
1537 4188 1673 4254 dominii,
1695 4209 1742 4244 seu
1769 4195 1851 4248 tacita

156 4299 172 4332 a
191 4280 312 4349 tegam)
331 4275 413 4332 tacite
437 4291 540 4346 quospae
564 4276 609 4326 ilia
634 4276 767 4330 constituti
795 4277 907 4332 traditio
933 4297 980 4350 ap·
1032 4274 1138 4328 traditio
1151 4271 1279 4344 dependet
1296 4287 1328 4324 ex
1342 4272 1499 4342 conjecture
1514 4275 1663 4328 uoluntatis
1684 4277 1848 4333 transieran-

155 4363 252 4432 pellari
271 4370 371 4430 potest.
392 4361 452 4412 Uno
469 4359 542 4410 euim
562 4373 702 4428 expresso,
719 4358 785 4410 illud
803 4359 873 4429 qnod
890 4361 979 4432 ipsius
1028 4361 1066 4426 di,
1079 4359 1124 4412 dd.
1138 4359 1232 4422 obstat,
1245 4355 1343 4409 exinde
1354 4357 1442 4424 sequi,
1457 4356 1540 4426 qnod,
1558 4357 1581 4409 si
1595 4375 1638 4412 res
1653 4369 1742 4430 postea
1757 4363 1849 4432 aequi·

155 4463 320 4515 eonseqnens
338 4455 387 4510 est,
406 4445 429 4498 si
442 4461 494 4498 nnn
512 4461 667 4514 expressam
676 4479 684 4506 ,
705 4443 811 4498 tacitum
831 4444 883 4496 diei
909 4457 978 4516 pote·
1028 4443 1103 4508 sitas,
1115 4441 1225 4496 soluerit
1237 4441 1317 4491 etiarn
1330 4441 1473 4508 acquisitas
1485 4441 1558 4494 sosio
1572 4458 1595 4494 r.
1609 4459 1633 4509 g.
1650 4443 1672 4496 si
1687 4443 1798 4514 epistola
1817 4447 1848 4498 ad

155 4531 209 4583 ait.
229 4531 314 4585 Dictis
332 4531 360 4584 tt.
380 4531 478 4584 dicitur
496 4545 636 4602 expresse,
654 4529 849 4599 possessionem
871 4543 977 4586 natura·
1028 4527 1114 4596 ipsum
1130 4525 1229 4578 directa
1243 4523 1308 4576 ittud
1322 4519 1536 4593 significaverit,
1558 4526 1751 4596 pasitertaeits
1767 4531 1849 4584 trast-

154 4615 217 4667 liter
235 4615 358 4667 nondurn'
375 4615 507 4679 traditam,
527 4615 572 4667 sed
591 4615 707 4668 exerceri
727 4630 803 4684 posse
821 4615 930 4669 nomino
946 4619 978 4668 ιι-
1027 4617 1096 4665 tioae
1109 4609 1257 4664 «laminiana
1277 4609 1347 4663 socia
1359 4610 1484 4663 obvenire
1498 4614 1595 4680 possit.
1609 4616 1665 4666 linc
1678 4631 1739 4670 sero
1753 4633 1848 4684 negare

154 4696 207 4750 lius
224 4700 265 4751 noi
287 4699 428 4762 tradendi,
448 4699 471 4750 si
491 4709 655 4762 contentam,
670 4709 698 4750 ot
710 4696 870 4751 ususfructus
884 4699 913 4751 ιιι
928 4701 978 4752 ista
1027 4699 1129 4753 aidetnr
1141 4699 1168 4752 d.
1180 4699 1197 4750 l.
1210 4697 1255 4749 tt.
1270 4698 1424 4750 indr'rtinrte
1436 4698 1554 4767 loquens.
1565 4697 1623 4752 Non
1637 4710 1735 4755 tensere
1759 4714 1847 4756 tamen

156 4799 185 4836 re
201 4793 331 4854 competat
351 4785 485 4835 donatori.
504 4783 573 4852 Ergo
593 4783 671 4835 tacite
690 4780 858 4836 traditionem
879 4781 976 4837 tautam
1028 4785 1105 4838 statui
1121 4801 1196 4854 passe
1207 4791 1271 4852 puto
1281 4785 1306 4836 d.
1320 4784 1338 4834 l·
1354 4781 1398 4870 ιι.
1412 4781 1444 4833 rie
1462 4799 1522 4835 raso
1543 4783 1742 4852 intelligendam
1767 4803 1845 4848 esse,

152 4871 209 4921 dici
228 4869 342 4942 poterit.
361 4869 428 4922 ιιιιιι
450 4884 527 4919 nemo
547 4869 637 4919 dicere
654 4875 760 4935 potest,
786 4867 976 4934 possessionem
1028 4867 1074 4920 ubi
1093 4869 1179 4920 socios
1196 4867 1284 4918 noluit
1307 4865 1406 4917 mnium
1427 4863 1542 4918 dominii
1561 4885 1607 4936 pro
1630 4881 1705 4938 parte
1732 4868 1846 4924 inditisa

154 4955 241 5019 illam,
258 4972 324 5025 qnae
343 4963 418 5004 antea
440 4951 525 5022 ipsios
543 4961 621 5015 erat,
639 4949 748 5002 alterius
767 4965 840 5012 esse,
860 4949 911 5001 nisi
938 4962 976 5003 ta·
1026 4961 1183 5004 uorasurtem.
1197 4951 1279 5002 Datur
1292 4946 1470 5019 namquad.1.
1483 4949 1549 5006 aetio
1561 4969 1609 5022 pro
1621 4952 1698 5016 sorio,
1712 4969 1778 5024 qaae
1791 4971 1845 5009 noa

153 5037 209 5090 oitr
227 5035 383 5098 conlessns,
402 5034 573 5087 traditionem
599 5031 652 5101 ipsi
683 5031 763 5085 inisse
783 5031 876 5085 laetam
898 5033 977 5088 istius
1025 5047 1086 5100 est,
1106 5034 1161 5088 nisi
1174 5041 1265 5087 eontra
1278 5031 1411 5087 insitum.
1435 5034 1549 5088 Videtur
1560 5035 1666 5107 quidem
1680 5039 1759 5090 etiam
1774 5037 1846 5092 socio

154 5123 348 5193 possessionis.
367 5119 405 5170 Ea
426 5119 468 5171 isis
487 5125 605 5187 apparet,
624 5115 771 5170 eorutitnto
788 5133 893 5184 quotue
911 5119 976 5170 taei-
1028 5117 1108 5170 insito
1121 5117 1196 5169 alteri
1212 5117 1342 5170 sociorum
1355 5117 1504 5170 dominium
1515 5119 1681 5187 anquisitum,
1694 5121 1755 5189 qnia
1768 5137 1847 5174 omne

153 5219 214 5261 taor
233 5206 394 5259 interuenire
410 5202 599 5257 traditionem.
620 5198 737 5252 Proinde
760 5199 783 5251 sl
814 5199 974 5270 probarem,
1024 5197 1255 5272 quodprolionurn
1270 5201 1587 5256 sociossociomandasse
1606 5203 1775 5266 censenduss
1801 5221 1845 5257 ee·

155 5300 237 5346 rotarn
257 5289 370 5344 lucanam
392 5287 512 5340 translati
530 5285 628 5356 absque
646 5283 756 5338 naturali
776 5283 919 5339 traditione
929 5285 976 5340 do·
1026 5303 1084 5338 ιιιιιι
1097 5291 1119 5347 i.
1132 5286 1156 5337 7.
1170 5285 1268 5336 tameat.
1283 5283 1409 5353 probavi,
1425 5283 1589 5338 mandantem
1605 5301 1657 5336 ιιοιι
1676 5283 1786 5337 ιιιιιιιι
1797 5286 1845 5337 do-

156 5376 236 5431 minii
255 5378 284 5427 r'rr
297 5374 410 5435 sonitem,
429 5387 571 5440 congruere
590 5369 769 5434 translationi,
782 5387 848 5442 qnae
864 5366 896 5424 iit
913 5389 975 5426 eon·
1027 5371 1138 5432 minum,
1152 5367 1204 5420 nisi
1218 5366 1397 5420 mandatarius
1410 5384 1465 5420 rem
1480 5367 1532 5419 sibi
1545 5367 1703 5436 acquisitam
1718 5369 1841 5420 restitne-

153 5461 251 5514 stituto
269 5457 439 5528 possessorio,
457 5456 585 5508 rationem
604 5453 755 5518 sorborum,
773 5453 857 5509 taeita
881 5465 972 5510 temen
1026 5457 1063 5508 rit
1075 5452 1233 5518 mandatori,
1246 5453 1285 5506 rel
1298 5451 1351 5504 nisi
1365 5467 1408 5504 res
1421 5451 1529 5503 nomine
1543 5451 1705 5505 mandatoris
1723 5450 1844 5504 vendito-

151 5543 265 5598 sradr'tio
284 5539 403 5596 creditar-
420 5538 597 5604 interoenire,
622 5555 665 5592 me
684 5539 831 5609 explicasse
848 5539 952 5594 credam
968 5561 974 5591 ι
1025 5539 1049 5593 ιι
1062 5553 1187 5608 expresso
1200 5545 1299 5605 empta.
1311 5537 1394 5603 Quae,
1407 5545 1431 5588 ut
1443 5533 1475 5587 sd
1488 5551 1526 5596 ea,
1537 5551 1603 5604 quae
1615 5530 1686 5588 liunt
1700 5537 1759 5604 ipso
1772 5535 1843 5601 inre,

151 5627 258 5698 qnando
275 5625 334 5695 qnia
354 5641 403 5694 per
420 5623 588 5676 constitutum
607 5623 636 5675 in
655 5623 763 5676 alterum
784 5622 910 5676 transiert
927 5625 971 5678 do·
1025 5628 1218 5693 non'spestant‚
1232 5621 1268 5672 ιιι
1282 5613 1405 5672 ιιιιιιιιιιιι
1417 5619 1550 5688 esplicare
1563 5636 1615 5672 non
1629 5621 1700 5672 licet.

152 5710 279 5774 aniciam,
299 5720 361 5761 tunc
373 5709 496 5760 eumdem
512 5707 589 5762 habet
602 5724 649 5779 pro
665 5707 815 5778 taliquab's
828 5723 882 5760 non
894 5662 1002 5776 es.et,i
1061 5701 1376 5774 §.titdttaguaaoraest
1396 5703 1546 5837 celebqiqate
1567 5703 1701 5774 quaestio,
1730 5719 1762 5758 an
1787 5701 1843 5770 lege

315 5795 415 5867 Strylsii
436 5795 496 5850 Vol.
522 5797 553 5850 V.
