4480 6196
390 275 445 340 sot

343 396 371 439 ut
386 383 457 440 inita
476 392 577 439 ιιιιιιιι
599 393 703 455 tempus
722 381 938 452 manumittunt,
962 404 1042 456 qnam
1067 395 1168 458 emptor

343 479 433 522 tamen
453 487 505 522 non
525 470 645 522 servavit.
664 471 739 538 Quae
759 470 823 524 inde
841 455 909 522 ictio
929 467 1076 524 venditori?
1107 470 1168 522 Ces·

347 551 419 604 sabit
437 553 504 607 retia
523 553 540 606 i.
555 554 581 605 6.
592 550 615 621 5.
626 551 680 622 fin.
694 553 908 626 eircojinetnffi
921 553 980 608 eorl.
994 571 1053 607 cum
1066 571 1167 609 serrum

345 635 416 701 justo
429 637 518 706 pretio
530 637 666 690 venditum
683 639 937 708 praesupponinaus,
953 648 980 690 et
999 637 1037 690 sic
1055 651 1169 692 cessante

347 719 489 775 venditoris
509 721 635 774 interesse
651 720 764 773 cessabit
785 719 854 775 iorte
872 721 948 776 actio.
963 721 1072 774 Rectius
1086 721 1169 790 igitur

345 820 373 857 se
391 803 500 875 corrigit
519 805 681 874 Papinianus
698 805 726 859 in
740 807 759 857 1.
772 809 900 875 sequenti.
915 809 941 858 t.
955 807 978 858 d.
992 817 1010 860 t.
1029 805 1137 861 edoctos
1155 828 1175 860 a»

346 888 462 954 sabino,
482 887 552 958 quod
571 891 627 942 vnlt
645 889 770 956 Cujacius'
789 899 854 943 tons.
869 890 894 942 1.
912 891 949 942 nd
968 891 1170 960 1.10.ᾳιι.Ρα·

344 968 404 1039 pin.
417 972 544 1030 cenoenit
557 973 639 1037 enim,
654 971 741 1042 inquit
762 971 824 1036 ille,
843 971 1002 1042 affectionis
1013 973 1044 1026 iai
1054 970 1169 1026 mtcs'vi·

348 1053 432 1108 litatis
443 1053 581 1108 exhibitae
597 1065 667 1108 recte
681 1058 741 1125 ogi,
756 1074 817 1111 cum
832 1055 963 1128 beneficio
982 1055 1062 1129 effici
1084 1054 1172 1110 borni·

347 1156 409 1192 nem
436 1139 542 1194 interris
566 1138 825 1193 nominabantur
849 1158 912 1208 ergo
938 1142 1007 1192 actio
1026 1140 1054 1191 in
1075 1137 1168 1193 iactum

346 1224 493 1289 juramento
512 1221 663 1276 affectionis
680 1223 856 1294 supplendum
876 1223 908 1275 ad
930 1224 1065 1285 interesse,
1077 1222 1168 1292 quaesti

347 1307 404 1358 scil.
422 1305 616 1372 aestimaverit,
631 1321 734 1360 servum
747 1325 760 1358 a
775 1305 884 1359 riomino
899 1307 1090 1359 manumissum
1105 1303 1168 1356 iuis-

977 283 1165 346 ntsetttt‘t.
1186 287 1259 344 vill.
1277 287 1441 346 caetttt.

1222 399 1312 441 contra
1326 383 1483 440 civilitatem
1503 391 1529 437 et
1542 379 1718 436 reverentiam
1731 376 1839 432 domino
1853 375 1970 430 debltam
1987 395 2049 447 poa.

1222 481 1288 534 cent,
1305 473 1418 540 legatum
1430 509 1438 536 ,
1452 467 1673 536 donationemque
1685 483 1697 515 a
1712 463 1821 516 donnino
1834 461 1954 514 relictam
1969 461 2049 513 amit·

1225 565 1295 620 tunt,
1316 557 1389 626 quasi
1410 573 1457 624 pro
1478 553 1598 620 indignis
1618 549 1762 612 declarati,
1784 547 1875 618 perd.
1895 544 1913 598 1.
1937 547 1961 594 1.
1966 543 2006 614 ff
2018 546 2043 599 ai.

1222 652 1240 692 t.
1260 637 1336 692 Cotti.
1357 639 1515 705 Peregrinus
1536 632 1711 709 dejureflsci
1721 634 1739 685 1.
1753 633 1779 683 2.
1791 631 1830 683 tit.
1842 631 1869 682 8.
1882 647 1910 682 tt.
1924 627 1949 682 ’1.
1964 640 1990 682 et
2002 648 2047 684 re·

1224 742 1268 794 qn.
1292 719 1489 775 tirannicam.
1511 719 1573 771 trs.

1259 805 1333 872 Quae
1345 805 1372 855 in
1388 801 1489 856 nostris
1509 801 1593 854 serris
1612 809 1685 854 cauta
1703 814 1762 853 esse
1779 797 1845 851 solet
1863 795 1995 860 civilitas,
2015 813 2044 848 ea
2069 800 2106 851 ts

1225 887 1362 956 praecipue
1381 885 1582 940 cornrnenaiatur
1600 887 1627 936 in
1646 901 1693 945 co,
1715 893 1742 936 ut
1761 881 1870 934 alotnino
1887 880 2048 944 verberanti,
2144 883 2147 892 '
2220 876 2231 884 '

1224 970 1362 1035 injurianti
1384 987 1435 1022 ιιοιι
1456 971 1596 1034 resistant,
1615 967 1684 1037 qnod
1712 980 1799 1019 tamen
1825 965 1920 1018 stricto
1941 965 1998 1032 inre
2019 977 2048 1018 nt

1224 1053 1317 1105 liberis
1336 1053 1490 1105 homiuibus
1510 1053 1576 1121 ipsis
1596 1053 1717 1121 denegari
1746 1051 1853 1121 neqnits
1880 1067 1941 1100 cum
1968 1047 2045 1102 actio'·

1226 1155 1283 1188 nem
1305 1141 1381 1190 etiam
1404 1154 1507 1190 ιιιιιιιιι
1525 1139 1635 1207 possint.
1654 1139 1757 1190 Mevius
1776 1133 2019 1208 adjusluiecense
2031 1134 2049 1187 1.

1225 1223 1249 1275 3.
1270 1233 1288 1273 ι.
1309 1223 1334 1272 6.
1353 1232 1404 1273 nrt.
1425 1223 1466 1272 10.
1486 1239 1512 1273 n.
1534 1222 1576 1272 16.
1596 1219 1676 1273 Coni.
1694 1219 1740 1272 dn.
1762 1218 1894 1272 Praesidis
1913 1218 1975 1269 dr'sr.
1996 1218 2049 1270 tr.

1223 1307 1255 1360 de
1269 1326 1317 1360 stan
1336 1309 1468 1360 moderno
1479 1303 1518 1378 ff.
1538 1303 1561 1376 5.
1578 1307 1601 1356 1.
1616 1304 1679 1358 ltinc
1696 1306 1754 1373 jure
1771 1300 1900 1354 calanensi
1920 1317 2044 1370 expresse

348 1405 377 1442 se
394 1389 413 1439 1.
426 1389 471 1440 66.
483 1398 510 1440 ιι
522 1387 608 1459 diff
620 1389 652 1442 de
665 1407 689 1441 r.
703 1389 890 1442 vindicatione
907 1408 960 1460 quo
980 1391 1036 1458 ipso
1056 1401 1083 1442 et
1096 1387 1170 1442 aesti-
1223 1393 1362 1455 saracitum,
1374 1389 1438 1444 durs
1451 1407 1505 1442 wer
1518 1389 1660 1442 Gabouren
1673 1389 1730 1451 iret,
1745 1386 1801 1440 scii
1812 1385 1893 1438 ibaen
1907 1386 1953 1437 ilar
1963 1385 2046 1436 ttectn

350 1471 491 1526 mationem
511 1475 579 1526 servi
598 1475 721 1544 consequi
740 1483 844 1544 potest,
863 1491 896 1528 ex
916 1491 955 1540 eo,
973 1476 1054 1545 quod,
1074 1473 1097 1528 si
1110 1474 1169 1544 ipse
1224 1475 1360 1534 tenattem
1383 1480 1440 1530 narei
1458 1475 1651 1544 Gereclttigireit
1667 1473 1784 1544 psiagen.
1802 1473 1820 1523 1.
1841 1473 1865 1522 i.
1884 1469 1922 1521 tit·
1943 1471 1967 1520 8.
1980 1489 2002 1524 c.
2019 1471 2043 1522 1.

348 1573 453 1611 servam
473 1557 611 1611 habituras
630 1555 739 1624 inisset,
762 1559 819 1628 jam'
845 1560 1056 1612 manumissurus
1081 1571 1170 1622 esset,

350 1642 496 1710 quodcum
516 1659 563 1713 per
579 1643 677 1707 alium,
702 1643 835 1696 mediante
866 1643 1034 1707 venditione,
1064 1639 1171 1695 efficere

350 1743 404 1780 nen
423 1726 565 1798 potuisset,
580 1743 613 1796 ¹se
631 1727 771 1781 aestimare
789 1726 866 1779 talem
888 1725 1107 1778 manumissionis
1121 1743 1171 1788 Ιιιι-

351 1811 465 1879 glectum
483 1808 516 1862 ad
535 1810 604 1862 serti
622 1826 702 1880 usque
721 1811 846 1878 pretium.
864 1810 995 1880 Notatque
1007 1811 1056 1864 hoc
1073 1811 1099 1862 in
1112 1829 1171 1863 casu

352 1892 462 1963 Bereng.
480 1891 636 1947 Fernandus
649 1891 688 1946 cd
696 1894 715 1945 1.
729 1913 775 1948 un.
788 1911 810 1946 c.
824 1892 984 1948 decantent.
997 1915 1065 1966 quae
1074 1915 1127 1967 ppo
1141 1915 1173 1950 eo

352 1975 427 2047 qarod
447 1975 567 2029 interest.
591 1993 618 2028 n.
644 1976 705 2030 122.
724 1977 855 2030 rationem
874 1977 1003 2032 interesse
1021 1993 1092 2033 astra
1118 1997 1172 2032 ram

352 2058 432 2126 dari,
451 2067 562 2131 propter
582 2059 662 2113 salam
681 2061 856 2114 humanitatis
870 2063 1016 2127 rationem,
1031 2065 1075 2116 dn.
1090 2063 1174 2118 Brun·

354 2159 425 2196 nem.
443 2134 481 2196 ad
492 2143 510 2194 1.
523 2143 548 2194 7.
548 2141 731 2212 ffideservis
744 2143 791 2215 qui
803 2163 863 2212 exp.
890 2165 918 2196 n.
939 2147 964 2196 ii.
989 2145 1017 2200 in
1037 2145 1105 2216 fine
1123 2149 1176 2201 site

356 2226 426 2296 quod
444 2226 515 2280 idern
534 2226 663 2294 dixerim,
682 2225 764 2282 decisi
785 2229 916 2282 rationem
936 2245 969 2282 ex
983 2229 1107 2284 civilitate
1119 2248 1176 2302 pro·

359 2308 429 2364 licus
447 2309 602 2382 dependere.

307 2423 337 2473 Η
395 2396 531 2459 Ultimae,
550 2395 596 2466 qni
616 2394 645 2448 in
664 2411 752 2450 servos
773 2396 888 2449 exerceri
916 2405 1017 2468 potest,
1041 2399 1178 2455 civilitatis

359 2497 447 2546 cnsns,
465 2489 505 2533 ιιι
525 2477 711 2543 manumissio,
730 2495 782 2532 non
810 2495 842 2543 ex
869 2482 962 2533 stricto
988 2483 1059 2549 jure,
1081 2482 1126 2535 sed
1145 2501 1177 2535 ex

359 2564 522 2618 humanitate
539 2575 566 2617 et
585 2559 773 2628 beneficentia,
791 2575 878 2616 ortum
900 2565 1023 2629 trahens,
1043 2574 1071 2616 nt
1087 2565 1181 2636 probat

362 2648 390 2700 id
411 2645 574 2712 testimoniis
593 2647 700 2701 Grotius
719 2647 737 2698 1.
757 2647 782 2699 0.
800 2664 822 2699 c.
843 2647 885 2702 11.
904 2647 944 2699 tia.
963 2647 989 2697 6.
1009 2664 1036 2700 n.
1054 2646 1079 2696 i.
1093 2657 1179 2718 utpote

361 2749 409 2804 per
421 2747 498 2802 quarn
511 2730 707 2784 nobilissimum
722 2731 791 2784 vitae
809 2747 902 2782 manns
913 2729 1022 2783 oiiertur
1036 2741 1061 2783 ιι
1074 2747 1105 2782 ex
1120 2747 1179 2784 con·

360 2816 477 2869 sessione
488 2816 574 2884 legum
592 2817 615 2882 5.
624 2813 683 2884 fin.
699 2818 761 2868 inst.
780 2814 873 2885 quibem
886 2831 922 2868 ee
935 2812 1025 2867 cnissis
1038 2814 1180 2867 narrauit·

361 2909 418 2953 tere
436 2898 761 2961 nunnamenster.
779 2894 821 2964 ff
846 2917 904 2964 asem
929 2911 1020 2952 rotem
1047 2899 1139 2951 baberi
1161 2899 1180 2952 1.

365 2983 425 3034 lii.
444 2989 466 3045 ς.
484 2979 578 3051 arleff
597 2981 631 3034 tic
643 2998 667 3032 r.
685 2979 703 3033 i.
724 2981 927 3035 inaestimabilis
948 2999 1005 3049 ιιι,
1020 2983 1132 3035 libertas
1145 3001 1183 3037 sc.

365 3069 423 3137 Qua
441 3075 528 3120 tamen
547 3065 684 3120 civilitatis
702 3067 790 3136 specie
810 3069 918 3121 multum
945 3069 1101 3121 utilitatibus
1127 3068 1181 3121 suis

363 3150 504 3205 maculant
521 3149 641 3214 domiai,
661 3152 814 3220 praesertim
833 3153 880 3222 qai
900 3153 1025 3204 solvendo
1039 3162 1183 3216 nunaunt,

364 3243 535 3304 metuuntque
551 3225 584 3286 ‘ex
604 3233 756 3288 venditione
775 3249 861 3288 rerum
882 3235 1116 3289 haereditariarum
1146 3235 1183 3290 in·

364 3328 436 3384 tora,
455 3317 555 3385 injuria
573 3315 662 3382 aiiici,
682 3319 756 3387 juxta
775 3326 797 3382 ς.
819 3323 844 3370 1.
862 3319 924 3372 inst.
944 3319 1039 3390 quibas
1056 3337 1093 3372 ce
1110 3338 1183 3372 caua.

368 3402 671 3458 manumitt.non1ieet.
685 3403 755 3458 Licet
772 3405 845 3456 enim
863 3404 982 3457 cessione
1000 3405 1129 3457 Ιιιιιιιιιιιιι
1144 3405 1183 3457 in-

366 3484 447 3540 iamia
464 3503 518 3540 non
536 3487 666 3557 irrogetur
685 3503 733 3557 per
751 3503 793 3552 se,
812 3489 830 3540 1.
851 3491 896 3539 11.
912 3505 935 3540 ι.
949 3487 1129 3558 quibruccus.
1142 3491 1184 3541 in-

357 3570 435 3639 sam.
453 3581 480 3624 et
498 3571 544 3624 trit.
563 3589 584 3624 c.
603 3572 652 3642 pai
667 3572 747 3626 dorsis
762 3573 817 3626 ced.
836 3573 981 3642 ignominia
1006 3585 1090 3627 tamen
1108 3591 1186 3646 qnae·

366 3653 426 3708 dana
445 3655 500 3708 siva
519 3657 618 3708 macula
635 3656 720 3725 aliqua
738 3657 803 3710 letis
821 3668 847 3710 et
865 3657 1044 3728 praesumptio
1057 3661 1185 3728 pessimae

369 3751 499 3796 antenctae
515 3740 584 3794 vitae
602 3759 635 3795 ex
653 3743 772 3796 auctione
790 3743 893 3808 oritur,
912 3743 930 3796 1.
947 3745 972 3798 6.
981 3742 1025 3814 ff.
1042 3744 1076 3798 de
1101 3746 1186 3800 inter-

369 3839 428 3894 rog.
447 3827 476 3878 in
488 3825 553 3897 jare
562 3825 628 3894 fiac.
651 3825 670 3876 1.
696 3827 739 3878 23.
749 3826 790 3895 ff
809 3847 878 3895 qnare
895 3831 925 3879 in
934 3830 1070 3898 fiendam
1095 3831 1188 3886 credit.

367 3915 393 3960 et
414 3906 451 3959 ita
471 3909 581 3961 visentis
599 3919 624 3961 et
643 3910 747 3962 mortui
761 3911 913 3962 mensorium
931 3914 999 3982 apud
1012 3931 1103 3981 graves
1118 3915 1188 3970 riros

368 3999 474 4057 oneret,
493 4009 558 4047 nov.
579 3991 641 4043 1315.
659 3992 680 4044 1.
696 3993 720 4044 2
729 3991 769 4059 ff
787 3996 821 4048 de
838 3995 944 4062 obsequ.
961 4008 1034 4064 patr.
1052 3997 1107 4051 aial.
1124 4018 1189 4069 quae

369 4074 445 4143 plura
461 4093 478 4127 a
495 4075 606 4128 ddribns
624 4077 824 4144 alleganturad
839 4081 866 4132 d.
892 4089 909 4131 t.
938 4081 1001 4133 inst.
1028 4081 1125 4152 quibus
1151 4103 1188 4138 ete

367 4157 454 4212 ccam
467 4175 586 4212 manum.
605 4159 635 4210 tt.
654 4177 701 4229 per
718 4159 816 4214 dictam
835 4163 1002 4216 collationem
1016 4165 1147 4220 libertatis
1161 4180 1189 4222 ct

369 4240 533 4294 honorabilia
551 4243 729 4297 institutionis
748 4245 830 4313 tituli,
851 4256 981 4316 tamqnam
1003 4245 1109 4300 modom
1123 4250 1188 4304 civi-

370 4322 455 4377 litatis
467 4320 611 4394 proficuae,
630 4325 713 4380 borrae
725 4326 811 4381 iamne
822 4330 1016 4386 moservationi
1029 4331 1075 4385 isac
1089 4335 1190 4389 ratione

311 4409 313 4417 ’
372 4405 638 4472 meretriculam,
657 4409 720 4462 dum
740 4411 850 4464 interim
863 4431 905 4466 rea
917 4417 989 4483 ejus,
1004 4425 1064 4486 post
1076 4417 1189 4482 obitum,

370 4487 440 4541 servi
459 4489 569 4543 nomine
589 4489 753 4560 venduntur,
771 4513 804 4548 ne
823 4497 880 4565 ipse
899 4499 997 4568 injuria
1015 4498 1148 4555 afficiatur
1165 4500 1189 4575 5.

372 4573 400 4624 1.
418 4573 481 4624 inat.
498 4571 596 4644 quibus
613 4591 649 4629 en
666 4593 739 4630 enne.
757 4581 901 4634 manumit.

320 4693 355 4749 ss
410 4657 551 4712 &everam
569 4673 630 4727 erga
649 4658 770 4714 dominun
789 4661 943 4718 civilitatem
964 4666 1096 4722 racionem
1114 4670 1191 4725 exiti-

373 4740 435 4796 bettt
452 4741 588 4812 exempla,
607 4759 669 4795 carn
686 4743 731 4798 vix
747 4747 837 4815 operis
854 4749 1019 4816 praestandis
1038 4749 1191 4822 sufficiant,

372 4825 454 4879 nostri
473 4842 534 4883 vera
565 4827 691 4899 inprimis
709 4828 831 4884 homines
858 4835 961 4904 proprii
981 4838 1032 4890 sibi
1057 4853 1187 4908 metuant,

372 4925 406 4962 ne
418 4909 534 4965 civilitas
551 4912 580 4964 in
598 4913 641 4981 ios
657 4914 750 4982 abeat,
770 4929 847 4986 prout
865 4935 923 4971 eum
937 4921 1061 4978 exhibuit
1071 4925 1114 4978 cit.
1127 4927 1189 4980 diss.

371 4993 485 5049 decebit.
504 4996 603 5060 nociva
620 5016 643 5052 c.
662 4999 689 5052 2.
705 5000 742 5054 tia.
762 5003 805 5055 st.
823 5003 934 5058 Unicum
956 5015 1043 5060 tamen
1062 5005 1090 5060 in
1108 5009 1191 5063 servis

371 5078 489 5132 masania
506 5078 595 5134 inveni
608 5080 747 5139 civilitatis
760 5083 890 5156 proficuae
899 5091 1032 5160 speciem,
1046 5111 1122 5162 quana
1137 5093 1192 5165 ipsa

373 5163 590 5218 commendarent
608 5168 682 5236 jura,
700 5180 744 5236 ut,
762 5171 784 5223 si
804 5175 943 5244 eontigerit
962 5175 1088 5230 delictum
1114 5194 1127 5228 a
1148 5176 1192 5231 do·

302 5287 321 5323 q
376 5249 639 5322 minaeum-tuan,
654 5255 718 5309 iliud
737 5273 789 5310 nnn
803 5259 927 5328 prodant,
942 5245 1003 5316 licet
1015 5265 1071 5329 ejus
1084 5263 1193 5318 seientia

377 5337 494 5391 maxime
513 5338 621 5392 intersit
640 5339 799 5412 reipublicae
817 5342 849 5395 ad
870 5343 1015 5413 puniendos
1033 5343 1192 5401 bacinos-oms

372 5417 391 5470 1.
406 5423 536 5492 congruns
550 5423 591 5476 1³.
594 5420 636 5491 ff
656 5425 690 5477 aie
705 5425 801 5496 officio
817 5429 956 5498 praesidis.
970 5428 1042 5480 ilinc
1054 5432 1122 5497 Ῑιιιιι
1134 5431 1194 5499 qui·

264 5547 267 5554 ,
374 5501 436 5554 dem
451 5517 543 5573 agunt,
562 5505 706 5574 detegendo
724 5509 799 5562 talem
819 5511 983 5580 reipublicae
993 5531 1087 5566 noram
1096 5553 1105 5582 ,
1120 5531 1192 5584 praa·

373 5589 489 5661 sniisque
507 5592 541 5645 ab
560 5592 608 5644 bac
625 5594 660 5647 ad
679 5595 802 5647 criminis
823 5599 984 5652 delationem
1011 5601 1155 5654 innitantur
1175 5601 1195 5655 1.

273 5760 308 5767 Α
376 5673 454 5745 11.
472 5675 505 5730 de
524 5676 565 5732 tta
583 5699 648 5750 prete
668 5689 698 5736 ιι1
721 5681 846 5752 indignis.
872 5687 971 5742 Verum
997 5707 1056 5743 curn
1084 5686 1194 5772 invinari

1227 1559 1300 1612 Actio
1312 1561 1382 1612 enirn
1396 1569 1436 1614 est
1456 1559 1657 1632 repraesentatio
1671 1560 1737 1626 juris
1750 1559 1806 1625 ejus
1819 1557 1846 1608 in
1858 1555 1964 1624 jndicio,
1976 1552 2044 1625 quod

1226 1645 1292 1696 mibi
1310 1645 1433 1716 privatim
1448 1645 1628 1715 exequendum
1649 1643 1777 1712 competit
1790 1642 1833 1693 nbi
1849 1641 1976 1706 judicium
1992 1657 2047 1693 mo·

1228 1740 1365 1782 mentanee
1389 1741 1485 1788 cessat,
1512 1729 1626 1782 Grotius
1644 1728 1662 1780 1.
1683 1730 1708 1778 1.
1727 1745 1749 1780 c.
1771 1727 1796 1778 3.
1814 1725 1850 1776 tia.
1870 1724 1895 1774 2.
1915 1741 1944 1775 ιι.
1964 1723 1989 1774 1.
2009 1721 2047 1775 llo

1228 1823 1314 1867 tamen
1337 1815 1395 1884 ipso
1414 1815 1475 1867 dnm
1496 1816 1637 1879 resistunt,
1657 1831 1708 1866 non
1734 1812 1818 1864 solum
1844 1810 1918 1862 omni
1944 1808 2051 1861 actione

1228 1899 1418 1964 excluduntur,
1431 1899 1476 1952 sed
1488 1917 1565 1971 saepe
1578 1901 1669 1970 poenis
1683 1897 1792 1966 insuper
1806 1893 1971 1962 castigantur,
1985 1891 2047 1946 duan

1229 1981 1359 2034 excedant
1373 1982 1500 2035 iacillirne
1521 1983 1561 2034 sni
1583 1981 1781 2041 defensionem,
1795 1993 1847 2030 non
1860 1977 1996 2029 observato
2010 1974 2050 2025 in·

1234 2073 1271 2118 ιιι
1291 2083 1319 2118 ιι
1337 2077 1363 2118 ιι
1382 2067 1519 2119 dominnm
1540 2065 1678 2134 dignitatis
1695 2074 1722 2118 ιι
1741 2059 1902 2116 ιιιιιιιιίιι
1916 2068 2049 2128 respectu,

1228 2168 1304 2220 ‹pnem
1319 2155 1434 2205 maxime
1454 2153 1481 2204 in
1500 2151 1607 2222 indiciis
1627 2149 1727 2203 attendi
1747 2147 1823 2200 docet
1837 2147 1881 2198 dn.
1897 2148 2004 2198 Praeses
2017 2145 2048 2196 in

1229 2249 1307 2290 tract.
1317 2237 1424 2308 dejure
1436 2252 1508 2291 sens.
1519 2239 1581 2288 dtis.
1593 2235 1619 2287 i.
1632 2251 1655 2288 c.
1674 2233 1697 2286 6.
1718 2252 1746 2286 n.
1765 2232 1791 2283 6.
1811 2229 1889 2299 Quod
1910 2241 2049 2298 utriunque

1232 2323 1438 2390 interscapulis
1452 2333 1549 2386 cessat,
1562 2321 1633 2372 inter
1650 2335 1715 2389 quoa
1729 2332 1848 2369 excessus
1864 2333 1916 2366 non
1930 2313 1993 2366 caleo
2006 2313 2052 2365 ad-

1231 2407 1350 2460 vertitur.
1369 2404 1434 2457 Narn
1454 2405 1500 2473 qui
1521 2405 1617 2470 injuria
1640 2419 1681 2454 me
1700 2412 1772 2470 parat
1798 2394 1921 2460 afficere,
1941 2399 1964 2451 is
1984 2397 2049 2450 milti

1232 2505 1262 2540 eo
1279 2489 1335 2557 ipso
1354 2490 1394 2556 jas
1415 2487 1475 2550 dat,
1495 2487 1513 2538 i.
1532 2503 1554 2539 e.
1576 2485 1724 2540 iacultatem
1745 2484 1869 2534 moralem
1889 2481 2010 2534 adversus
2023 2499 2051 2534 ιι

1233 2577 1259 2626 in
1275 2570 1409 2627 inlinitum
1430 2571 1533 2637 agendi,
1546 2573 1624 2624 Grot.
1636 2572 1655 2622 1.
1668 2572 1693 2620 2.
1705 2589 1728 2623 c.
1742 2571 1766 2619 1.
1781 2571 1819 2620 tta.
1837 2569 1878 2620 10.
1894 2585 1922 2619 n.
1936 2570 1961 2617 1.
1973 2566 2048 2636 Quod

1233 2675 1366 2726 qttousque
1379 2657 1405 2709 in
1419 2673 1527 2708 excessu
1547 2653 1718 2714 extendatur,
1738 2651 1789 2705 vid.
1804 2651 1849 2702 dn.
1866 2652 1970 2704 Praenes
1983 2651 2010 2702 in
2025 2647 2051 2700 d.

1232 2749 1311 2793 tract.
1325 2757 1347 2792 c.
1363 2742 1389 2790 1.
1403 2758 1427 2792 n.
1443 2737 1467 2790 1.
1487 2740 1513 2790 il.
1533 2739 1661 2792 nimirum
1682 2735 1759 2788 modo
1778 2752 1830 2787 :son
1844 2736 1955 2786 nimium
1969 2748 2051 2802 qaan-

1240 2835 1294 2876 tum
1314 2835 1387 2878 extra
1408 2825 1545 2894 sphaeram
1565 2822 1731 2892 procedatur.
1759 2819 1817 2888 Quo
1843 2818 1960 2885 pertinet
1985 2816 2055 2884 apud

1235 2907 1352 2959 Saxones
1373 2916 1462 2960 exorta
1484 2899 1584 2975 regula,
1607 2901 1675 2972 cerff
1692 2901 1855 2956 Mautsctaett
1869 2900 1993 2971 gairneret
2010 2900 2056 2954 ein

1238 2990 1334 3042 Dulcis.
1355 2991 1401 3041 nbi
1420 2999 1491 3042 certe
1509 2988 1627 3058 aequales
1644 2985 1678 3038 ab
1695 2985 1828 3038 ordinaria
1856 3001 1939 3054 poena
1957 2983 2054 3038 absolvi

1239 3073 1330 3143 probat
1349 3073 1440 3144 Carpe.
1458 3089 1545 3141 prex.
1561 3071 1638 3123 crim.
1654 3088 1681 3140 p.
1703 3072 1726 3119 1.
1745 3088 1791 3139 qn.
1810 3070 1854 3120 30.
1874 3068 2055 3121 narrantium

1237 3156 1403 3208 aestimatam
1425 3156 1514 3224 alapae
1534 3154 1604 3204 inter
1629 3168 1673 3206 eos
1699 3151 1839 3219 injuriant,
1866 3169 1932 3220 quae
1960 3152 2059 3202 tantia

1237 3255 1310 3291 servo
1321 3239 1456 3291 aestimari
1479 3238 1585 3306 nequit,
1603 3235 1638 3288 ob
1657 3235 1813 3287 iuieriorem
1834 3234 1873 3288 sni
1891 3245 1918 3288 ιι
1936 3234 2054 3304 superio·

1237 3339 1292 3374 rent
1311 3321 1413 3375 domiui
1434 3330 1599 3390 respectum,
1616 3327 1645 3371 ut
1669 3320 1702 3371 ab
1729 3319 1865 3371 ordinaria
1886 3335 1968 3388 poena
1989 3317 2054 3370 liba·

1239 3407 1290 3459 rari
1312 3407 1411 3477 possit,
1432 3403 1554 3458 dumille
1572 3403 1598 3455 in
1616 3402 1725 3472 judiciis
1743 3419 1848 3472 semper
1866 3402 1963 3456 attendi
1984 3402 2057 3462 satiet,

1238 3503 1265 3546 ιιι
1280 3489 1484 3543 demonstratum
1505 3504 1538 3541 ex
1557 3484 1603 3539 dn.
1622 3485 1757 3541 Praesidis
1775 3495 1855 3540 tract.
1874 3486 1977 3559 dejure
1990 3487 2057 3538 Sen-

1237 3592 1316 3631 tuunt
1333 3591 1359 3628 e.
1378 3574 1397 3625 1.

1276 3657 1403 3726 chnitnr
1415 3655 1468 3724 iant
1482 3655 1597 3710 civilitas
1615 3657 1643 3708 in
1662 3663 1731 3710 sinist
1750 3653 1868 3708 familiae
1885 3651 2052 3706 consideran·
2079 3659 2122 3716 Μ’

1239 3739 1280 3806 ala,
1301 3742 1374 3808 cujus
1395 3739 1511 3792 initialis
1531 3745 1615 3811 patria
1634 3749 1748 3810 potestas
1776 3741 1864 3810 primo
1883 3738 1939 3790 loeo
1956 3738 2056 3792 exami-

1242 3821 1327 3874 nanda
1347 3821 1443 3875 veniet.
1462 3821 1531 3876 Sane
1549 3824 1665 3876 civilitas
1685 3825 1748 3877 baec
1766 3823 1837 3875 inter
1850 3831 1971 3892 parentes
1988 3833 2014 3875 et
2027 3825 2061 3876 ll·

1240 3907 1316 3960 beros
1329 3943 1338 3974 ,
1351 3909 1403 3975 jam
1417 3925 1468 3960 non
1481 3927 1496 3960 a
1514 3907 1617 3976 priori,
1637 3908 1691 3960 sire
1702 3909 1804 3961 interno
1814 3905 1908 3960 aiicctu
1921 3923 2055 3961 cominen-

1241 3992 1325 4044 alanda
1353 3994 1422 4056 erit,
1442 3991 1487 4045 sed
1504 4010 1519 4043 a
1536 3993 1695 4063 posteriori,
1714 3991 1860 4045 commodis
1873 4009 1909 4044 sc.
1924 3991 2057 4046 bincena·

1240 4075 1352 4128 scendis.
1372 4077 1405 4128 tn
1423 4085 1452 4129 ut
1470 4095 1484 4129 a
1503 4076 1649 4130 liberorum
1669 4077 1797 4130 civilitate
1812 4073 1968 4139 ordiamur,
1986 4093 2060 4146 prae·

1246 4160 1419 4230 supponendo
1436 4162 1584 4230 generalem
1605 4162 1677 4213 illius
1694 4157 1897 4224 definitionem,
1921 4177 1988 4229 quaa
2014 4177 2062 4230 par

1241 4253 1410 4314 spontaneam
1423 4245 1629 4298 submissionem
1642 4245 1821 4316 exportabatur
1834 4263 1856 4297 c.
1869 4243 1940 4296 inb.
1952 4246 1979 4295 8.
1988 4261 2062 4315 qaae·

1241 4326 1330 4381 nitur:
1350 4345 1389 4381 nn
1407 4327 1486 4379 tiberi
1503 4330 1560 4398 ipso
1571 4328 1638 4400 jare
1656 4345 1684 4382 re
1706 4347 1808 4398 suaque
1828 4327 1896 4398 juro
1920 4337 2065 4382 terreantur

1239 4411 1395 4466 arrbmittere
1411 4410 1584 4482 perentibus.
1605 4431 1644 4466 cn
1662 4430 1731 4468 vero
1748 4411 2014 4466 commendationem
2027 4413 2062 4466 ei·

1242 4495 1333 4550 viliter
1357 4513 1442 4567 eapite
1459 4493 1584 4565 proficua
1603 4507 1710 4550 rantum
1728 4495 1855 4548 tribunt?
1870 4495 2062 4550 Necessitatem

1241 4581 1286 4633 laic
1305 4582 1381 4652 plane
1398 4579 1588 4632 excludendam
1607 4580 1682 4633 donet
1702 4579 1824 4643 Grotius,
1836 4595 2013 4648 qaaecumque
2024 4581 2058 4632 ll.

1245 4663 1322 4718 beris
1333 4662 1420 4718 adsint
1433 4675 1570 4732 tempora,
1585 4681 1649 4734 quae
1660 4663 1823 4716 Aristotelea
1837 4665 1861 4713 1.
1873 4663 1932 4731 poi.
1945 4665 1993 4716 nit,
2005 4667 2063 4720 Nic.

1243 4751 1301 4803 tV.
1322 4749 1347 4800 tt.
1373 4749 1405 4800 V.
1424 4745 1490 4798 nt.
1510 4747 1553 4798 10.
1585 4748 1613 4796 in
1641 4745 1689 4798 tria
1717 4746 1874 4815 distinguit:
1892 4748 2008 4816 primum
2028 4761 2066 4804 ιιι

1243 4844 1345 4902 tempus
1357 4827 1503 4900 imperienti
1514 4827 1619 4898 judicii,
1627 4832 1675 4880 τοῦ
1689 4826 1783 4900 decisa
1795 4847 1869 4883 τιιιιιι
1881 4829 2062 4897 auricomum

1242 4916 1314 4971 sivest
1333 4929 1491 4985 προαιρισις
1512 4927 1558 4965 ιιι
1570 4913 1608 4964 ιιι
1620 4913 1739 4976 atcania,
1752 4914 1893 4987 seqrnalnaa
1906 4923 1946 4967 ιιι
1958 4915 2065 4984 periecti

1244 4997 1352 5066 iudicii,
1371 4997 1416 5049 sed
1433 4991 1509 5047 filins
1528 5004 1615 5048 manet
1639 5011 1699 5067 pars
1718 4992 1836 5048 iamiiiae
1853 5007 1987 5067 parentant
2017 4989 2063 5058 irre

1244 5081 1281 5154 μὴ
1301 5079 1412 5153 χοιριθιῖ
1440 5077 1547 5133 tertium
1568 5092 1702 5150 postquam
1722 5095 1755 5133 ex
1775 5079 1875 5133 iamilia
1893 5080 2015 5134 excessit.
2034 5081 2066 5134 ln

1244 5167 1332 5238 primo
1350 5163 1458 5235 quidem
1480 5173 1597 5232 ιιιιηιοιι
1615 5165 1688 5232 juxta
1705 5163 1751 5216 cit.
1769 5162 1860 5216 Grotii
1879 5163 1896 5216 1
1916 5161 1942 5216 2.
1954 5179 1977 5216 e.
1992 5163 2016 5215 t.
2027 5165 2066 5216 tlt.

1245 5253 1263 5303 2
1296 5269 1324 5304 ιι.
1346 5252 1371 5301 1.
1388 5263 1480 5302 ornnes
1498 5249 1640 5301 liberorum
1661 5247 1776 5302 actiones
1795 5249 1845 5300 sub
1863 5246 1984 5304 dominic
2003 5259 2066 5302 sunt

1245 5343 1385 5406 parentum
1393 5351 1406 5398 ,-
1415 5349 1528 5403 aequom
1539 5333 1610 5386 enim
1630 5343 1686 5400 est,
1702 5334 1788 5405 utqui
1800 5351 1829 5387 se
1841 5349 1932 5404 regere
1944 5353 1995 5389 nnn
2010 5344 2068 5407 pot·

1245 5433 1302 5494 est,
1320 5430 1426 5491 regatur
1457 5421 1580 5484 aliunde,
1600 5437 1658 5475 cnm
1677 5433 1714 5485 et,
1735 5422 1796 5492 qnia
1816 5419 1894 5475 liberi
1914 5421 2066 5490 aparenti-

1244 5509 1292 5561 bus
1312 5506 1395 5577 gauiti
1414 5515 1493 5574 siant,
1513 5505 1678 5576 dapenuiendi
1698 5506 1731 5558 ab
1764 5505 1918 5559 beneuram
1946 5515 2069 5559 excutere

1247 5605 1382 5662 neqneattt.
1403 5591 1491 5658 Magn.
1509 5589 1552 5642 dn.
1574 5589 1697 5644 Bectnatt.
1712 5589 1789 5662 proiit.
1806 5589 1892 5661 perci.
1912 5607 1935 5644 c.
1949 5593 1976 5643 8.
1988 5591 2025 5642 tta.
2039 5592 2071 5644 11.

1246 5680 1323 5736 Cossi.
1344 5679 1513 5738 ernanum.
1534 5683 1566 5736 de
1578 5681 1641 5753 iare
1659 5699 1687 5736 n.
1706 5691 1732 5733 et
1747 5697 1772 5751 g.
1792 5680 1808 5732 1.
1830 5677 1855 5731 1.
1873 5697 1894 5734 e.
1914 5677 1938 5729 2.
1965 5679 2068 5730 Varum
