4414 6220
317 7 399 24 ..ιι-Π.
423 7 431 12 “

397 239 456 294 131

343 341 392 394 An
401 338 500 392 seelera
509 338 539 392 ie
550 335 725 407 certj'essitsrae
735 336 800 409 ipss's
823 334 943 392 reneintn
956 333 1068 388 mr'cere
1084 343 1156 388 tene·

377 433 461 476 untur
469 420 485 472 Ρ
494 418 639 489 quaeritne·
651 439 679 473 ιι.
690 421 715 472 t.

341 507 466 574 Hegetor
477 502 510 558 de
521 502 728 558 committendis.
743 520 770 555 n.
788 501 814 555 8.

341 587 513 662 Affirmntnr
524 587 557 640 de
570 586 727 640 commissis.
740 603 770 639 n·
782 586 809 641 9.

339 669 496 724 timeretur.
507 690 536 724 n.
550 672 593 724 19.

338 761 389 810 An
400 753 551 826 officialem
563 765 737 826 mnesteus
749 753 907 808 mensum
922 749 1051 820 principr’e
1074 766 1154 803 cecu-

375 848 417 892 ιιι
427 838 521 908 officii
529 839 696 904 uerendus,
708 837 891 912 disquiritur?
902 853 928 887 n.
941 839 986 888 tt.
998 845 1025 889 et
1045 851 1101 906 sep.

340 921 390 973 An
412 925 442 973 si
462 931 570 976 contra.
577 922 628 996 jus
648 920 770 976 divinum
792 921 858 994 qnid
881 918 1061 976 muttdttnns?
1072 937 1100 972 n.
1112 917 1156 970 rt.

373 1014 401 1056 st
416 1021 487 1076 seqq.

343 1088 391 1140 An
404 1086 460 1156 illi,
469 1091 522 1160 que·
531 1088 689 1144 mandasses
699 1087 831 1162 pre'ncipis
846 1088 982 1160 seserr’sre
993 1084 1081 1153 tinet,
1098 1103 1156 1140 ere·

371 1171 511 1226 desidum?
522 1193 551 1226 n.
565 1175 608 1226 ti.
621 1185 648 1229 et
662 1175 705 1230 18.

337 1253 486 1310 Distinetio
497 1256 571 1310 inter
581 1257 709 1314 delictum
723 1269 809 1312 enon
821 1267 848 1312 et
858 1257 923 1310 lere.
933 1273 962 1309 n.
975 1255 1023 1308 il).

339 1339 406 1392 Non
418 1350 508 1408 potest
516 1341 631 1395 extendi
641 1343 680 1396 nd
692 1341 765 1406 iilos,
778 1340 910 1414 qnijnsstt
921 1337 1051 1410 principis
1064 1335 1151 1392 detin-

371 1436 464 1494 qnnnt.
478 1444 507 1478 ιι.
520 1427 563 1478 29.

337 1510 527 1579 Magistratus,
543 1508 592 1581 qni
602 1527 640 1564 ee
651 1505 745 1580 tffficii
755 1508 909 1562 merisne
919 1503 1078 1580 qns'dsoes't,
1104 1521 1153 1558 en·

373 1601 494 1646 curatur.
506 1611 534 1645 ιι.
551 1593 595 1646 21.

337 1675 369 1728 Si
380 1685 476 1728 contro
488 1675 573 1744 legens
602 1673 779 1745 quidsnciet,
792 1683 900 1732 tenetur
911 1674 1020 1731 nodone
1033 1671 1151 1747 iujuria-

373 1775 441 1813 rum.
455 1779 484 1812 n.
497 1761 541 1812 nn.

335 1841 470 1897 Notarius
481 1843 506 1895 si
515 1843 644 1913 scripturn
665 1842 1016 1909 montemtremitum
1039 1859 1150 1899 emente·

365 1923 435 1977 tter?
446 1945 474 1977 n.
486 1926 530 1978 it.

335 2009 384 2062 Au
407 2013 522 2064 retorsio
543 2010 580 2065 eit
603 2008 752 2066 remedium
776 2009 932 2066 vindicandi
953 2011 1072 2085 injurius
1091 2011 1149 2067 tici-

371 2093 450 2146 tntn?
460 2113 486 2146 ιι,
500 2095 544 2145 21.

330 2179 455 2245 Negutnr
464 2175 496 2230 de
507 2175 580 2245 jure.
594 2197 620 2231 n.
634 2180 677 2233 27.

332 2257 505 2332 Affirmutnr
515 2261 550 2315 de
562 2263 693 2318 moribus.
707 2283 735 2318 ιι.
747 2264 792 2318 18.

297 2425 311 2474 1
368 2441 500 2502 cqunntur
515 2432 568 2500 jem
586 2431 699 2500 delicte,
718 2432 747 2485 in
764 2431 862 2507 quibus
878 2429 936 2486 iere
955 2427 1145 2502 frequentissi-

331 2533 405 2571 mum
424 2517 557 2585 retugium
575 2521 668 2572 ested
686 2517 772 2572 cilicii
791 2517 984 2572 necessitatem.
1009 2516 1147 2568 Prolixnm

334 2599 402 2653 ioret
421 2601 465 2654 leic
483 2617 619 2654 recensere
636 2617 710 2656 cesus
727 2619 837 2667 omues,
856 2599 903 2672 qni
927 2598 961 2654 etl
986 2595 1076 2652 cilicii
1103 2617 1149 2653 ne·

331 2682 481 2738 cessitatem
500 2683 528 2734 in
547 2685 654 2736 meteri·
675 2685 830 2738 delictorum
848 2682 1004 2754 pertinent:
1017 2679 1061 2732 hic
1074 2681 1146 2734 enim

332 2767 439 2840 prolixe
455 2765 653 2820 discutiendnm
673 2766 751 2833 iuret,
776 2786 825 2838 que
850 2767 954 2819 ratione
979 2763 1146 2833 magistratui

333 2867 365 2904 ex
383 2847 468 2903 cilicii
488 2849 590 2902 retioue
609 2849 756 2914 incumbet,
782 2861 873 2904 contre
898 2849 1082 2918 delinquentes
1103 2847 1146 2899 in·

332 2932 463 3002 quirendo
482 2929 639 3002 procedere,
658 2945 780 2986 nocentes
793 2933 825 2984 ed
842 2932 1003 3004 supplicium
1021 2942 1148 3002 repeeeet

333 3016 372 3068 in
388 3013 542 3067 ierinorosis
559 3013 712 3068 homiuibus
737 3015 901 3086 prueinciam
926 3031 1051 3086 purgare,
1076 3015 1147 3084 quod

332 3094 425 3150 officio
442 3098 499 3164 ejus
517 3113 658 3165 congruere
677 3108 767 3152 monet
783 3100 861 3152 ictus
878 3100 907 3150 in
934 3098 1031 3152 temese
1058 3097 1104 3151 ille
1127 3099 1145 3150 1.

334 3180 470 3252 congruit.
489 3182 533 3232 13.
541 3180 582 3250 ff.
599 3181 633 3232 de
645 3179 722 3252 offic.
733 3197 824 3248 prees.
838 3184 938 3236 Verum
951 3199 1010 3234 curu
1030 3181 1079 3234 boe
1092 3199 1145 3234 ms·

335 3267 377 3335 gis
395 3265 428 3318 ed
447 3265 583 3319 materiem
600 3265 763 3332 judiciorum
782 3267 925 3336 pertineets
943 3284 974 3319 eo
1000 3267 1066 3319 beno
1090 3283 1146 3318 me-

334 3349 430 3404 teriem
449 3347 613 3413 differimus,
633 3349 661 3401 in
681 3351 812 3418 praesenti
830 3361 930 3405 tentum
949 3352 1036 3422 capite
1052 3349 1145 3418 riseri,

334 3431 439 3504 qnando
454 3432 598 3484 necessitas
615 3428 702 3484 cilicii
722 3434 824 3488 ratione
842 3433 976 3486 summissi
994 3432 1087 3487 delicti
1100 3449 1146 3488 ex-

333 3517 492 3571 mentionem
506 3517 625 3586 prnebeet
641 3516 680 3570 tel
692 3516 769 3570 noni

298 3623 316 3673 2
372 3598 403 3655 Et
418 3600 538 3672 quidem,
557 3609 587 3652 nt
604 3599 650 3652 bic
667 3621 683 3653 e
701 3600 880 3657 iunctioribus
897 3601 978 3655 secris
1002 3601 1146 3672 incipiens,

335 3694 425 3736 notura
451 3693 508 3746 est,
533 3701 584 3754 que
603 3683 706 3736 ratione
734 3685 792 3755 ipse
812 3684 959 3738 functionis
977 3683 1145 3738 sacerdotalis

336 3769 478 3822 necessitas
495 3769 593 3837 exiget,
614 3777 643 3819 ut
659 3783 766 3820 ornnem
779 3785 868 3820 curem
882 3767 1038 3838 impendent
1056 3765 1148 3822 fitetee

338 3851 462 3904 eceteetee
480 3850 617 3913 ministri,
633 3867 686 3919 qno
704 3848 776 3903 vitiis
794 3849 898 3904 obviam
915 3861 1006 3914 cetur,
1024 3849 1147 3903 etmore's

336 3937 483 3993 auditorum
512 3936 627 4008 corrupti
655 3935 823 3990 emendetur:
854 3952 906 4004 quo
937 3935 1046 3987 nemine
1079 3935 1147 4005 ipsis

237 4029 238 4033 ’
302 4045 318 4095 3
339 4023 449 4076 iecultes
467 4025 633 4076 monendiet
657 4021 822 4092 corripiendi
845 4019 976 4074 euditores
1000 4035 1147 4086 concessas

336 4109 467 4176 quaeritur
486 4109 589 4176 itaque,
605 4107 631 4170 si
651 4122 698 4176 pru
715 4105 840 4158 concione
859 4103 982 4173 publice,
994 4119 1081 4156 mores
1095 4104 1145 4156 eli·

335 4191 408 4258 eujus
427 4189 555 4243 auditoris
572 4190 609 4241 ita
628 4199 731 4252 notent,
752 4197 781 4240 ιι
806 4186 985 4258 nnrrsqnisque
1008 4187 1146 4256 percipere

335 4273 433 4342 possit,
452 4275 524 4344 cnjus
543 4289 680 4343 personam
700 4282 828 4342 tangent,
847 4283 931 4342 postne
951 4287 1010 4326 sero
1028 4269 1061 4323 eb
1079 4271 1143 4338 illo,

335 4353 382 4424 qni
403 4354 440 4409 ite
456 4355 561 4426 publice
579 4357 765 4428 reprehensus,
784 4357 889 4410 ectione
907 4355 1062 4425 iujuriarum
1081 4373 1143 4409 con-

334 4438 497 4504 reuientnr,
515 4457 546 4492 an
565 4439 600 4492 ob
618 4440 800 4493 necessitatem
818 4435 904 4492 officii
922 4455 949 4493 ee
962 4455 1084 4493 excusare
1096 4457 1141 4493 rs·

333 4519 423 4574 ieeur?
441 4521 605 4575 Praesidium
624 4525 776 4592 plerumque
794 4523 901 4592 cupiunt
919 4539 953 4575 ex
970 4524 1018 4575 illu
1028 4523 1140 4592 apostoli

335 4604 443 4659 anonito.
464 4605 489 4658 2.
507 4607 546 4662 od
560 4606 674 4660 Te'motlt.
689 4606 713 4658 t.
724 4622 797 4658 nere.
823 4607 848 4659 1.
871 4605 964 4659 insiste
985 4607 1079 4679 officio
1092 4620 1139 4663 tuo

333 4691 518 4754 admonendo,
533 4691 710 4761 increpando,
720 4691 861 4761 sivejusto
880 4691 935 4744 sire
953 4690 1052 4762 injusto
1077 4703 1142 4747 tem·

329 4793 397 4842 pore
414 4776 445 4830 id
450 4775 518 4846 fiet.
537 4776 674 4845 negligunt
693 4785 779 4828 temen
799 4782 968 4846 preeceptum
987 4776 1140 4844 salvatoris,

332 4876 376 4912 sen
395 4860 484 4932 potins
503 4859 656 4913 methodum
675 4871 763 4914 contre
784 4873 928 4929 peccatores
940 4859 1141 4930 procedendi,e

333 4945 465 5000 Selrstore
483 4943 678 5015 praescriptam.
696 4945 794 5000 narrt.
814 4943 858 4996 18.
875 4961 941 4998 uere.
962 4945 1005 4996 15.
1024 4955 1051 4998 ιι
1070 4961 1141 5016 seqq.

960 233 1212 292 ntsnnrtr.·tv.
1233 240 1351 296 cerni*
1369 239 1416 297 lV.

1209 337 1307 402 clatri,
1325 355 1359 390 en
1377 353 1410 390 ex
1430 337 1498 404 justo
1514 337 1572 392 eelo
1590 333 1689 405 ieeiet,
1708 355 1743 392 en
1760 351 1794 392 ex
1818 335 1915 392 effecto
1944 340 2031 411 prise·

1210 430 1250 473 tos
1268 421 1313 475 ubi
1333 422 1406 474 enim
1427 422 1456 476 iu
1473 422 1566 475 ecdem
1583 421 1671 478 ‹lelieti
1700 441 1796 492 genere
1818 433 1903 480 recent
1927 425 1961 480 ed
1982 443 2028 482 ex·

1208 518 1295 556 cessus
1314 504 1441 558 ditiorum
1461 518 1485 560 et
1502 505 1664 570 amicorum,
1677 506 1819 560 edmodnm
1836 525 1862 559 r.
1879 518 1990 578 crepent
2002 517 2031 565 ιι

1209 588 1348 658 increpent
1365 589 1463 642 delicta
1481 605 1642 660 pauperum,
1662 591 1790 658 equibus
1819 607 1913 660 perum
1942 606 2031 646 remn-

1209 673 1357 726 neretionis
1376 691 1485 745 sperare
1501 685 1626 744 possunt:
1640 672 1719 729 iecile
1729 673 1827 727 exinde
1839 683 1957 745 epperet,
1970 690 2026 746 per-

1210 747 1291 810 ionee
1309 769 1462 826 respectum
1482 758 1526 808 bic
1544 756 1638 809 baberi
1653 794 1661 821 ,
1676 756 1723 826 qui
1744 765 1831 810 umen
1848 756 1958 809 omuino
1981 757 2026 810 ltie

1208 842 1315 893 exciere
1331 840 1451 894 debebit.
1469 840 1503 892 Ει
1521 840 1590 894 1οιιι
1618 839 1782 911 praesidinm
1806 838 1914 909 cepient
1929 853 1962 894 ex
1979 839 2025 896 ills
2043 825 2063 878 9

1208 921 1347 992 Csepaorii
1364 924 1508 993 opinione,
1525 939 1603 993 quent
1623 921 1703 974 hebet
1720 921 1766 974 lib.
1780 921 1805 975 2
1812 919 1926 995 jurispr.
1935 925 2022 977 eccles.

1207 1005 1263 1076 des.
1280 1010 1327 1062 81.
1344 1009 1414 1081 qnod
1435 1007 1585 1079 deprecatio
1603 1007 1708 1079 publiea
1725 1007 1755 1059 in
1772 1021 1882 1078 pomnen
1900 1009 2025 1078 pecunie.

1207 1089 1274 1141 riam
1293 1090 1411 1146 conserti
1432 1091 1528 1160 possit:
1545 1107 1579 1143 ex
1597 1107 1649 1160 quo
1661 1087 1762 1142 inicere
1779 1089 1887 1156 licere,
1902 1090 2021 1162 increpe-

1207 1172 1307 1226 tionem
1318 1173 1462 1227 secerdotis
1474 1173 1605 1244 publicem
1617 1173 1705 1225 oblete
1718 1173 1832 1242 pecunie
1845 1173 1942 1227 redimi
1957 1193 2017 1246 pos·

1206 1270 1248 1306 se:
1268 1256 1314 1309 sed
1332 1257 1371 1309 nti
1392 1257 1467 1309 illem
1485 1256 1624 1328 Cerpeorii
1642 1255 1795 1326 opinionem
1815 1255 1910 1312 merito
1931 1259 2024 1327 reiecit

1208 1336 1315 1393 ilruun.
1335 1339 1437 1414 dejnr.
1450 1341 1538 1396 eccles.
1550 1341 1569 1392 1.
1584 1343 1609 1392 1.
1622 1357 1644 1393 c.
1657 1341 1682 1392 tr.
1695 1341 1804 1392 membr.
1817 1341 1841 1396 t.
1865 1359 1895 1395 ιι.
1920 1344 1965 1395 19.
1987 1345 2024 1398 ιιι

1204 1425 1300 1496 prexin
1319 1425 1399 1495 bajus
1418 1425 1621 1497 consequentiae
1646 1413 1705 1478 sine
1729 1424 1811 1479 dubie
1835 1427 2023 1485 erereebontur

1204 1524 1314 1574 omnes,
1331 1507 1378 1579 qni
1397 1507 1500 1576 chisti,
1519 1527 1573 1562 non
1596 1509 1722 1580 pecuniae
1750 1511 1872 1565 ministri
1897 1529 1955 1568 esse
1979 1530 2022 1565 eu·

1224 1593 1301 1646 lunt.

1205 1612 1222 1665 p
1240 1674 1324 1727 Porro
1340 1673 1473 1746 contingit
1490 1675 1594 1746 seepim
1610 1676 1739 1731 eeclesiae
1757 1675 1891 1731 ministris
1909 1677 1940 1732 in
1957 1697 2019 1734 con·

1202 1753 1316 1810 tersione
1335 1760 1445 1813 revelari
1464 1759 1526 1824 ille,
1545 1778 1610 1829 qnae
1629 1777 1681 1814 nnn
1701 1763 1756 1813 lere
1767 1762 1853 1814 scelus
1863 1761 2020 1832 importent,

1200 1840 1337 1909 quaeritur
1354 1842 1459 1913 itaque,
1478 1844 1502 1895 ei
1520 1842 1583 1894 leeec
1600 1844 1747 1906 reticeant,
1764 1862 1798 1897 en
1812 1857 1970 1902 excusentur
1982 1849 2021 1902 ui·

1200 1921 1259 1976 licii
1278 1927 1457 1980 necessitate?
1473 1926 1526 1980 Ubi
1543 1927 1653 1996 quidem
1665 1937 1767 1982 certum
1781 1938 1860 1999 puto,
1873 1933 2021 1988 erctissime

1201 2007 1355 2061 ministrnm
1373 2011 1499 2064 ecclesiae
1517 2011 1670 2081 obstringi,
1690 2013 1722 2065 ed
1741 2013 1907 2066 reticentism
1926 2014 2019 2081 illius,

1198 2090 1267 2161 quod
1286 2092 1315 2145 in
1334 2093 1499 2148 cunieseioue
1517 2096 1658 2159 rereletur,
1678 2095 1750 2148 nibil
1767 2097 1840 2150 enim
1858 2097 1903 2152 bie
1931 2103 2020 2164 norit,

1200 2185 1228 2227 ιι
1247 2175 1339 2240 homo,
1359 2177 1407 2230 sed
1426 2187 1455 2230 ut
1474 2179 1552 2230 Dens.
1570 2195 1631 2248 cop.
1643 2176 1670 2230 ei
1684 2179 1823 2234 socerdoe.
1836 2181 1863 2232 2
1878 2199 1909 2236 re.
1920 2181 1955 2237 de
1967 2185 2020 2254 off.

1195 2257 1253 2326 iad
1271 2258 1365 2313 ordin.
1382 2261 1510 2314 vincent.
1526 2259 1619 2312 Ceroc.
1633 2271 1668 2312 tr.
1681 2263 1718 2316 de
1730 2263 1837 2316 retes-et.
1849 2266 1965 2336 eorrsese.
1977 2289 2020 2338 qu.

1200 2344 1225 2393 1.
1244 2361 1272 2394 n.
1292 2345 1333 2396 tr.
1352 2353 1378 2395 et
1393 2361 1465 2416 seqq.
1482 2343 1543 2396 Non
1561 2353 1651 2398 temen
1668 2345 1786 2399 absolute
1802 2347 1852 2402 lton
1868 2347 2018 2422 intelligeu·
2038 2325 2058 2375 ⁸

1198 2424 1277 2489 dum,
1296 2426 1341 2478 eed
1359 2429 1428 2482 ieter
1445 2427 1542 2482 delicta
1565 2429 1706 2480 commisse
1726 2440 1751 2484 et
1768 2431 1958 2486 committentis
1978 2435 2020 2487 tt-

1197 2509 1403 2578 stinguendnnes
1422 2511 1455 2564 de
1472 2513 1522 2564 boc
1540 2521 1644 2564 certum
1662 2520 1721 2576 eet,
1746 2514 1810 2566 etleo
1835 2515 1915 2585 plene
1935 2513 2020 2570 officii

1198 2597 1353 2650 necessitate
1371 2596 1460 2667 ipsum
1479 2613 1533 2653 uon
1551 2597 1686 2659 excuseri,
1706 2609 1733 2650 nt
1750 2597 1874 2652 delictum
1893 2601 2019 2667 reticeat,

1197 2688 1228 2731 nt
1245 2682 1333 2750 potius
1350 2681 1378 2737 ri
1395 2683 1563 2737 necessitatis
1582 2682 1651 2735 serri
1665 2679 1766 2746 officii,
1779 2701 1829 2752 qne
1843 2683 1938 2738 delicte
1951 2703 2022 2738 curn·

1199 2763 1327 2817 mittende
1346 2765 1478 2836 impedire
1500 2773 1622 2829 tenetur,
1642 2763 1692 2815 boc
1704 2764 1812 2833 proprie
1832 2775 1924 2835 sponte
1950 2785 2021 2822 rere·

1194 2846 1250 2899 lere
1267 2849 1412 2902 obstrictus
1430 2849 1474 2902 sit.
1495 2852 1563 2904 l’etr.
1585 2847 1862 2904 turoniacense.
1877 2853 2022 2922 quaesere

1197 2930 1327 2985 munitor.
1345 2943 1407 2986 rect.
1426 2934 1451 2984 2.
1469 2953 1511 3002 qts.
1532 2933 1575 2984 17.
1593 2951 1621 2986 ιι.
1641 2933 1685 2983 19.
1705 2932 1771 2985 lllnd
1789 2937 1861 3004 qnod
1880 2936 1977 2992 attinet
1990 2939 2018 2991 in
2035 2927 2053 2977 11

1196 3013 1317 3067 confesso
1335 3025 1391 3081 est,
1411 3016 1498 3087 ipsum
1517 3016 1654 3083 excessuri,
1674 3019 1698 3069 si
1716 3016 1909 3073 confessionem
1924 3018 2017 3075 isctene

1196 3097 1348 3151 reticuerit:
1368 3097 1430 3152 iecit
1448 3099 1522 3152 enim
1541 3101 1598 3164 ite,
1616 3100 1687 3168 quod
1712 3101 1779 3154 secr-i
1805 3103 1927 3158 muneris
1950 3107 2018 3158 retio

1195 3180 1288 3250 exigit.
1305 3180 1358 3236 rid.
1377 3181 1503 3235 Beldniu.
1521 3184 1554 3237 de
1571 3199 1626 3237 cns.
1644 3188 1789 3238 conscient.
1806 3185 1853 3240 lib.
1866 3187 1891 3241 1.
1902 3207 1961 3263 unp.
1976 3193 2016 3244 ltl.

1195 3279 1250 3316 cns.
1268 3265 1296 3318 ’1.
1312 3263 1390 3334 Quod
1408 3266 1431 3318 si
1452 3275 1540 3320 temen
1558 3283 1592 3318 ex
1610 3268 1659 3321 hen
1676 3268 1816 3323 reticentis
1837 3269 1908 3327 iuste
1936 3277 2016 3330 tertio
2036 3253 2070 3304 ¹⁰

1195 3348 1300 3402 cuidem
1330 3348 1464 3403 innocenti
1489 3349 1614 3402 damnum
1634 3352 1807 3422 irreperebiie
1820 3355 1968 3423 imminent,
1988 3370 2017 3412 ut

1197 3433 1220 3486 si
1238 3433 1283 3488 bic
1301 3451 1349 3504 pro
1368 3434 1501 3486 homicide
1525 3433 1672 3500 bebeetnr,
1699 3437 1805 3488 tandem
1830 3441 2017 3494 revelationem

1197 3517 1343 3570 ιιιιιιιιι
1361 3516 1487 3569 ιιὶιίιιιι
1503 3552 1511 3582 ,
1529 3533 1581 3570 ιιι
1600 3527 1687 3570 ιιιιιι
1706 3518 1755 3572 buu
1771 3517 1880 3588 effectu,
1906 3534 1937 3578 nt
1956 3541 2018 3579 eon.

1196 3599 1322 3654 iussorem
1341 3599 1474 3666 nominet,
1492 3599 1539 3652 sed
1553 3610 1581 3654 ιι
1591 3597 1668 3653 edeet
1681 3603 1881 3670 magistratum,
1893 3617 1917 3661 et
1929 3626 2019 3662 curem

2041 1649 2060 1700 'i

1198 3684 1258 3756 ipso
1276 3693 1456 3747 contestetur,
1474 3681 1603 3753 captivum
1620 3697 1680 3735 esse
1703 3683 1886 3756 innocentem,
1912 3697 1940 3743 et
1963 3691 2018 3744 sibi

1196 3768 1230 3821 de
1246 3783 1306 3822 sero
1324 3765 1497 3836 delinquente
1513 3783 1546 3818 ex
1563 3763 1729 3820 contusione
1747 3781 1881 3836 constare,
1899 3789 1954 3826 uon
1976 3783 2014 3826 te·

1197 3867 1258 3904 meu
1277 3851 1363 3921 ipsum
1382 3850 1577 3919 delinquentem
1606 3851 1719 3916 rerelet3
1749 3851 1783 3905 dc
1811 3872 1865 3925 quo
1894 3857 2015 3926 pluribus

1195 3934 1318 3988 sidentur
1335 3934 1380 3988 dn.
1399 3933 1534 3988 Praecidit
1552 3935 1616 4003 nep
1635 3930 1670 3986 de
1686 3936 1804 3990 credent.
1822 3943 1930 3996 reveles.
1954 3961 2013 4010 cop.

1197 4019 1222 4072 n.
1241 4029 1268 4071 ιι
1287 4018 1312 4070 1.

1232 4102 1318 4154 ldisso
1335 4103 1386 4169 iem
1404 4097 1497 4154 officio
1514 4103 1700 4173 eoelmlestioo,
1720 4125 1762 4161 me
1780 4106 1888 4162 contero
1905 4108 1939 4162 sd
1952 4107 2013 4161 offi-
2034 4107 2067 4157 11

1195 4183 1237 4236 eiu
1254 4184 1402 4248 scrutarier
1419 4185 1464 4237 nbi
1483 4187 1635 4254 quaeritne,
1662 4205 1696 4242 en
1724 4187 1850 4242 cilicielie
1880 4189 2013 4260 principis

1192 4279 1328 4322 excusetur
1344 4266 1379 4320 ob
1397 4268 1578 4322 necessitetem
1597 4267 1704 4336 officii,
1722 4272 1784 4325 dum
1796 4274 1847 4324 silei
1861 4291 1876 4324 e
1888 4274 2012 4344 principe

1193 4347 1243 4402 boc
1260 4361 1288 4404 ut
1300 4348 1398 4404 iaceret
1410 4349 1584 4419 injunctum?
1597 4352 1630 4405 Et
1642 4356 1691 4407 boc
1703 4357 1863 4426 simpliciter
1873 4353 2013 4412 sideman·
2034 4349 2070 4400 ¹²

1192 4434 1256 4488 dum
1273 4433 1426 4500 ridebatur,
1445 4448 1506 4487 curn
1524 4438 1564 4490 nti
1583 4436 1643 4489 dolo
1662 4440 1731 4492 meto
1743 4457 1795 4492 non
1811 4437 1886 4505 iecit,
1899 4441 2013 4511 qui-jus-

1192 4519 1234 4570 sui
1251 4518 1349 4588 judicis
1366 4519 1577 4588 obtemperent.
1596 4521 1657 4572 1119.
1676 4517 1699 4591 5.
1720 4519 1796 4589 1βῖ
1815 4521 1849 4577 de
1866 4539 1888 4574 r.
1918 4525 1938 4574 ι’.
1964 4525 2011 4576 ’11-

1192 4602 1300 4672 requell.
1318 4601 1351 4656 de
1366 4619 1448 4674 poen.
1468 4612 1547 4674 temp.
1563 4621 1638 4658 cuns.
1658 4605 1702 4658 31.
1723 4625 1752 4658 ιι.
1771 4607 1795 4660 1.
1821 4609 1902 4662 multo
1923 4610 2011 4678 megis

1191 4686 1368 4752 excusebitur,
1386 4687 1410 4740 si
1429 4688 1553 4758 princeps
1571 4688 1623 4758 ipsi
1650 4689 1772 4756 mandet,
1797 4707 1857 4744 cnm
1887 4693 1932 4747 bie
1961 4695 2015 4748 sole

1190 4768 1311 4839 obsequii
1326 4771 1410 4841 glorie
1428 4771 1537 4824 iecieuti
1555 4772 1659 4839 relicte,
1681 4783 1710 4827 et
1726 4791 1776 4844 pro
1800 4776 1942 4848 secrilegio
1967 4779 2014 4830 he·

1191 4851 1295 4920 beetur,
1313 4855 1432 4927 principi
1451 4873 1504 4909 non
1521 4855 1639 4910 obedire.
1655 4856 1777 4913 Ferinec.
1800 4875 1878 4931 oper.
1901 4861 2010 4914 crimin.

1191 4945 1255 4990 tons.
1274 4939 1301 4990 e.
1318 4957 1362 5008 qn.
1381 4939 1425 4991 97.
1442 4955 1469 4992 n.
1491 4941 1516 4990 1.
1535 4941 1634 4994 Verum
1652 4943 1719 4996 baec
1735 4941 1839 4994 decisio
1857 4943 1925 4996 seles
1951 4955 2006 5011 est,
2029 4949 2064 4998 ta

332 5026 372 5080 lbi
392 5027 464 5081 enine
484 5031 673 5100 praescriptum
687 5027 770 5097 ipsis,
784 5036 813 5079 nt
826 5043 966 5096 numquam
979 5027 1081 5095 prirete
1095 5027 1140 5081 de.
1191 5019 1214 5072 si
1232 5037 1273 5074 ree
1290 5021 1327 5075 sit
1343 5021 1502 5076 indifferens
1519 5035 1545 5077 et
1562 5026 1613 5092 juri
1633 5025 1723 5080 dislno
1743 5028 1836 5079 morali
1857 5043 1911 5079 non
1922 5025 2010 5081 deter-

330 5111 391 5165 llcta
409 5111 514 5182 publice
534 5113 706 5180 redarguent,
720 5111 773 5163 nisi
787 5111 943 5179 peremissis
959 5110 1140 5181 gradibused-
1191 5102 1298 5169 mimir,
1316 5106 1352 5158 5¹¹
1371 5105 1443 5158 1111111
1461 5107 1907 5180 91111111111111011111111111111111111
1921 5111 2010 5176 1111111

294 5195 495 5264 μιιιιΙιίοιίι.
512 5197 599 5264 Quare
613 5195 635 5248 si
650 5195 751 5266 regulas
767 5191 853 5248 cilicii
870 5212 923 5247 non
934 5195 1081 5261 observent,
1094 5197 1138 5250 sed
1190 5195 1216 5240 ‘i
1234 5187 1382 5243 1111111111
1400 5192 1456 5258 tiu·
1473 5192 1557 5258 lesem
1576 5191 1657 5258 iecit,
1676 5193 1757 5246 etism
1788 5195 1818 5248 iu
1848 5197 2008 5251 conscientie

330 5278 431 5332 lirnltes
448 5281 621 5350 praescriptas
639 5279 780 5342 excedant,
799 5279 836 5330 nil
857 5277 982 5349 praesidii
994 5295 1028 5334 ex
1051 5277 1137 5332 cilicii
1190 5269 1359 5339 obligantem·
1380 5273 1433 5324 Sed
1450 5274 1514 5343 qnid
1542 5274 1599 5340 ibi,
1618 5276 1640 5330 si
1661 5275 1814 5331 meudetum
1840 5280 1891 5344 juri
1918 5279 2008 5336 diuino
2028 5288 2062 5338 tt

329 5363 481 5416 necessitate
497 5365 621 5432 capient,
640 5361 685 5414 sed
705 5360 793 5433 potins
812 5360 968 5428 injuriarum
988 5365 1138 5418 actiunete-
1189 5355 1280 5408 ¹⁰⁰t⁸ii
1298 5358 1457 5408 0011111111ῐῦ
1476 5356 1523 5420 'iii
1545 5375 1578 5410 ³¹¹
1598 5368 1659 5412 11111
1676 5362 1816 5417 ntoettiltt
1833 5359 1919 5416 0111ιί1
1932 5381 2006 5435 prse-

327 5447 466 5500 nebuutur.
485 5445 612 5517 Cerpror.
629 5445 675 5500 tn.
701 5448 727 5498 3.
739 5447 891 5518 jurisprud.
910 5446 1001 5500 eccles.
1019 5446 1075 5516 defi
1092 5450 1136 5502 98,
1187 5439 1268 5490 stebit
1282 5439 1498 5492 excusationem?
1514 5439 1618 5510 Negent
1638 5443 1686 5496 boc
1706 5445 1869 5516 simpliciter
1887 5448 1933 5518 ti,
1952 5447 2009 5504 iere

291 5553 309 5605 5
329 5527 447 5584 Βιιᾱῃίῃ,
468 5530 497 5584 1⁶52
515 5547 567 5584 ms,
585 5531 730 5584 congeriem,
742 5529 787 5580 lib,
805 5529 832 5580 1,
849 5546 907 5598 cap,
926 5529 950 5580 ⁷.
970 5545 1025 5583 σω,
1041 5531 1064 5584 ὅ,
1081 5531 1137 5587 imo
1186 5520 1218 5572 ed
1238 5537 1319 5574 tinum
1337 5537 1443 5583 01111101,
1464 5521 1518 5576 tid.
1537 5522 1655 5579 perimit·
1674 5525 1703 5580 11.
1718 5547 1762 5598 qu·
1782 5531 1824 5584 97.
1845 5549 1873 5583 n.
1893 5533 1918 5586 8.
1937 5542 1966 5586 01
1984 5533 2007 5586 5.

323 5633 371 5670 ιιι
392 5609 503 5669 difficile
521 5624 562 5669 est
579 5611 623 5666 bie
641 5613 791 5666 observasse
809 5612 918 5666 edectns
935 5613 1067 5672 Ecclesiae
1080 5615 1130 5670 mi·
1187 5605 1242 5660 tto·
1262 5607 1352 5678 prucis
1370 5605 1511 5660 dicendum
1532 5619 1672 5680 putemus3
1690 5611 1714 5666 si
1732 5627 1872 5686 quaeretur
1890 5615 1923 5672 de
1933 5633 2009 5674 excu-
2028 5637 2063 5690 η
