4414 6220
801 285 1185 426 ntsnurnrto
1229 257 1511 426 *sanatura

633 541 736 656 nu
774 462 1286 663 'carantanae
1338 545 1677 725 notatu,
1814 622 1819 628 ,

783 799 824 843 ΔΙ)
846 801 925 848 nu!
947 803 1015 850 XVI·
1039 803 1207 852 sannen.
1230 805 1315 853 1Πο
1339 806 1534 854 nncunxtv.

955 989 1344 1046 notrannsnrs
1438 966 1442 972 ’

327 1199 331 1208 .
439 1141 665 1218 nnuman.
690 1096 1037 1243 nonnuacnan,
1061 1150 1524 1224 uruuaeunsrnnan.
1548 1099 1877 1221 unrvanstrnr.

737 1255 742 1262 ²
897 1304 1169 1380 urrunnun
1192 1289 1433 1390 ernardo<
1841 1287 1845 1300 '

870 1535 1427 1584 W-

895 1735 1422 1810 anawanum

309 1957 437 2092 Nihil
460 2013 574 2085 fecisse
598 2017 761 2114 benigne,
784 2023 883 2092 cedro
906 2049 986 2094 sane
1007 2023 1107 2119 digna
1131 2023 1256 2096 Catulli
1280 2038 1360 2094 sunt
1383 2023 1503 2112 rerba,
1525 2047 1603 2091 cum
1627 2025 1717 2118 quod
1742 2049 1900 2108 nervosa,
1929 2039 2003 2093 tum

311 2102 405 2210 quod
427 2127 497 2172 non
520 2105 644 2216 absque
667 2129 835 2180 momento
857 2115 992 2206 prolata.
1009 2115 1168 2183 Beneficii
1192 2118 1282 2184 enim
1307 2117 1431 2208 accepti
1455 2127 1579 2210 quanta
1602 2117 1646 2183 sit
1668 2115 1756 2206 apud
1780 2115 1931 2184 mortales
1945 2119 2006 2184 ob-

309 2194 407 2275 ltrto,
430 2214 484 2262 me
508 2215 670 2268 monttote
693 2225 760 2271 non
785 2229 802 2270 e
825 2205 903 2272 ebit.
928 2205 1011 2274 Dies
1034 2205 1069 2272 id
1092 2205 1170 2273 satis
1192 2205 1322 2287 edocet,
1346 2230 1383 2274 ac
1403 2231 1441 2274 eo
1465 2207 1593 2274 novisse
1621 2205 1682 2272 hoc
1708 2208 1821 2296 ipsum
1854 2229 1914 2274 suo
1937 2209 2005 2298 jam

309 2295 459 2388 tempore
481 2283 684 2391 Diogenem,
709 2227 832 2362 eximie
855 2299 1008 2386 patescit,
1031 2319 1107 2364 cum
1132 2297 1162 2363 it
1182 2293 1364 2388 aliquando
1386 2231 1539 2378 cuiiam,
1563 2295 1646 2387 quid
1674 2296 1765 2386 apud
1797 2295 1947 2364 homines
1970 2319 2006 2362 o·

308 2395 441 2440 mutum
472 2375 613 2446 celerius
644 2397 839 2468 senesceret,
862 2387 1036 2490 quaerenti
1069 2408 1137 2452 non
1173 2384 1288 2478 inepte
1315 2388 1470 2480 regessit,
1493 2387 1701 2480 beneficium.
1725 2385 1773 2452 lta
1803 2387 1893 2452 enim
1924 2399 2005 2452 sunt

308 2473 390 2529 teste
420 2465 557 2550 comico,
581 2489 697 2539 omnes
731 2476 836 2542 nostri
860 2500 962 2559 erres,
986 2477 1013 2544 si
1038 2474 1120 2568 quid
1134 2475 1362 2568 benefeceris,
1385 2475 1500 2583 levior·
1513 2475 1625 2568 pluma
1649 2477 1752 2569 gratia
1782 2493 1845 2562 est,
1868 2475 2005 2568 si‘quid

309 2571 479 2644 peccatum
503 2556 559 2640 sit,
603 2559 755 2664 lumbeas
776 2567 841 2634 iras
864 2583 994 2656 gerunt
1019 2565 1267 2657 decipientium
1292 2567 1418 2636 animos
1440 2567 1468 2634 si
1492 2578 1658 2650 intueare,
1683 2563 1915 2632 beneficiorum
1938 2589 2006 2631 ma·

306 2641 397 2709 xima
421 2667 496 2736 pars
518 2579 692 2737 pesclum,
717 2671 755 2722 ut
777 2679 845 2722 non
868 2655 999 2724 dedisse
1021 2673 1067 2742 te,
1092 2655 1150 2723 sed
1181 2655 1336 2724 effudisse
1367 2656 1501 2747 eadem,
1525 2655 1684 2748 conqueri
1707 2659 1782 2748 jure
1805 2655 1919 2746 majori
1946 2677 2005 2720 ne·

307 2755 436 2802 cessum
459 2733 663 2808 babeas..1lt
685 2767 764 2812 rero
786 2745 969 2840 quicquam
995 2746 1236 2840 benignitatem
1259 2767 1349 2816 tuam
1374 2747 1436 2814 tibi
1460 2743 1617 2837 profuisse
1635 2747 1781 2838 gaudere
1795 2765 1915 2834 queas,
1932 2755 2006 2810 tau·

306 2833 382 2891 tum
403 2823 513 2910 abest,
536 2843 572 2894 ut
594 2834 738 2900 maximo
762 2836 873 2930 potius
883 2888 894 2920 ,
912 2849 972 2904 tuo
995 2835 1197 2906 detrimento
1212 2849 1245 2904 te
1259 2853 1374 2906 cuncta
1391 2835 1504 2904 fecisse
1518 2833 1698 2904 dotendu·
1715 2837 1772 2902 sit.
1791 2833 1859 2900 Atti
1875 2833 2004 2925 quippe

306 2914 476 3020 benefieiis
499 2919 566 2984 tuis
588 2919 737 2991 obstricti
760 2949 876 2994 eorum
899 2927 1069 2999 oblivione
1092 2949 1160 2994 non
1185 2923 1293 2994 solum
1315 2950 1348 2993 se
1370 2925 1597 3012 relaxabant,
1611 2923 1668 2994 sed
1687 2943 1726 2994 et
1756 2924 1889 3016 injuriis
1917 2936 2005 2988 atro·

305 3027 662 3111 “⁵⁸¹{111802P2flfflre
684 3013 891 3108 studebunt,
908 3029 988 3088 utut
1010 3041 1088 3086 rem
1111 3029 1234 3086 cessent
1257 3017 1417 3110 injuriae,
1451 3039 1518 3084 non
1550 3027 1662 3084 tamen
1694 3013 1867 3086 cessabunt
1890 3013 2003 3104 queri-

305 3115 450 3180 moniae,
473 3095 556 3164 dum
589 3102 688 3168 rnulti
722 3105 873 3175 nondum
903 3107 1067 3177 exsatitati
1098 3109 1196 3175 etiam
1220 3105 1262 3174 de
1287 3105 1552 3174 benefactoribus
1573 3108 1642 3174 suis
1664 3103 1761 3196 queri
1794 3126 1862 3172 non
1884 3101 2003 3170 erubu-
2048 3123 2057 3132 ·

304 3196 400 3252 scunt
423 3186 585 3278 iniquum
608 3197 702 3262 saue!
725 3197 789 3263 Ast
810 3219 987 3266 commune
1010 3197 1107 3278 adeo,
1130 3211 1168 3264 ut
1193 3199 1248 3264 rix
1271 3195 1314 3272 de
1335 3195 1484 3263 hostibus
1512 3196 1692 3264 crebriores
1720 3197 1847 3264 moveri
1879 3193 2003 3285 possint

306 3275 473 3368 querelae.
498 3279 660 3371 Legimus
683 3285 763 3352 inde
784 3288 874 3378 apud
897 3287 1056 3356 Senecm
1076 3288 1120 3354 de
1144 3285 1254 3378 benef.
1277 3286 1340 3354 lib.
1365 3312 1398 3352 a.
1421 3309 1450 3353 c.
1479 3309 1533 3376 ²7·
1563 3285 1605 3354 de
1632 3286 1688 3352 Au
1715 3297 1804 3365 usto,
1829 3283 1874 3352 ob
1907 3277 2003 3349 beni·

329 3367 470 3436 nintem·
489 3392 527 3437 ac
549 3369 758 3441 elementiam
781 3397 874 3445 suam
896 3379 977 3444 satis
1000 3378 1152 3462 laudato,
1201 3389 1372 3445 herentem
1396 3375 1596 3464 Leutulum3
1619 3311 1712 3468 apurl
1725 3377 1900 3444 Lucanum
1926 3391 2003 3439 tero

303 3487 305 3492 ·
339 3455 470 3564 bercol
486 3459 511 3524 l.
529 3457 559 3526 8.
574 3487 614 3529 o.
632 3462 713 3552 438,
726 3463 769 3534 de
791 3466 952 3560 Pompejo
969 3403 1237 3537 Photinumffit
1259 3467 1286 3534 si
1310 3469 1512 3558 antiquitate
1535 3467 1681 3560 neglecta
1706 3469 1894 3533 modernam
1920 3473 2002 3528 tem-

306 3569 396 3638 pons
418 3551 612 3621 intueamur
630 3552 768 3641 faciem,
783 3561 987 3650 reperiemus
1002 3559 1114 3628 orbem
1139 3562 1338 3636 universum
1360 3557 1512 3624 lamentis
1525 3555 1685 3652 ejusmodi
1701 3555 1874 3624 refertum.
1890 3547 2003 3640 Quid?

303 3637 396 3729 quod
426 3639 585 3708 nonnulli
613 3643 781 3716 beneflciis
813 3659 984 3743 tamqnam
1006 3651 1237 3720 instrumentis
1259 3661 1398 3718 utantur
1420 3645 1462 3712 ad
1485 3643 1803 3730 nooeudum.‚,Unde
1826 3655 1859 3713 et
1881 3663 2002 3734 quam·

304 3729 467 3836 plupimus
489 3729 553 3800 oab
578 3733 684 3824 speeie
707 3736 788 3806 boni
810 3757 910 3834 atque
933 3741 1051 3808 auxilii
1075 3741 1205 3824 mutui,
1220 3737 1499 3832 obligationisque
1521 3738 1596 3806 aliis
1618 3735 1849 3832 gratificantes,
1864 3755 1920 3823 spe
1942 3753 2002 3798 sua

303 3817 459 3888 cecidisse
481 3845 519 3890 ao
541 3843 652 3914 errore
673 3849 709 3892 se
731 3827 846 3899 ductos
865 3833 1024 3916 sensisse,
1048 3831 1226 3925 indiesque
1248 3829 1372 3898 sentire
1387 3829 1567 3912 cernimus,
1583 3846 1622 3896 ut
1642 3852 1719 3896 cum
1735 3823 1889 3892 beneficia
1914 3822 2002 3888 inter

304 3908 386 3978 alios
410 3913 644 3996 seminassent,
667 3916 718 3983 nil
742 3921 807 3986 nisi
830 3921 994 4014 ingratam
1017 3935 1164 3992 mentem
1187 3939 1222 3990 ct
1235 3919 1310 3988 odia
1326 3920 1541 4003 messuerint,
1557 3917 1662 3986 hostes
1675 3941 1713 3984 er
1758 3911 2002 4001 riundo,quos

305 4001 425 4068 amicos
448 4013 527 4070 anto
548 4001 754 4094 habuerant,
778 4009 824 4075 ita
849 4024 887 4076 ut
911 4015 1065 4082 virerent
1086 4011 1208 4078 deinde
1231 4033 1268 4078 ac
1290 4027 1500 4080 morerentur
1523 4007 1681 4076 infelices
1738 4005 1815 4072 estis
1837 4001 1999 4090 (Aeneas

307 4089 412 4182 Sylv.
437 4095 475 4160 in
499 4092 696 4190 Panormit.
720 4097 889 4170 dedistis
912 4099 1314 4193 etfaetisAlpltonril.
1341 4123 1370 4166 a.
1396 4121 1433 4166 n.
1459 4101 1513 4166 35.
1533 4122 1570 4190 p.
1600 4097 1698 4186 aab.)
1720 4095 1822 4188 hujus
1844 4093 1893 4158 rei
1918 4092 2000 4160 insi·

303 4182 378 4274 gnis
401 4194 449 4250 est
471 4179 664 4253 Fridericus
679 4185 723 4255 ll.
740 4189 922 4280 lmpemtor
946 4191 1036 4260 hand
1058 4191 1131 4260 sine
1153 4213 1249 4258 causa
1272 4210 1511 4279 saepenumero
1532 4187 1642 4256 dicere
1665 4186 1781 4254 solitus
1787 4235 1797 4266 ,
1819 4195 1854 4250 se
1877 4205 1917 4248 ex
1942 4182 1998 4264 iis,

350 4293 388 4340 os
411 4273 604 4359 extulisset,
627 4299 731 4367 quam
753 4281 968 4370 paucissimos
993 4279 1115 4350 vidisse
1160 4297 1262 4364 ratos,
1284 4277 1388 4370 idque
1411 4303 1453 4346 ex
1475 4277 1673 4345 muneribus
1704 4275 1773 4343 suis
1804 4271 1871 4340 sibi
1902 4271 2000 4338 unice

303 4297 420 4432 litum
443 4387 525 4446 esse,
553 4377 590 4433 ut
613 4389 653 4432 ex
677 4366 833 4438 fidelibus
855 4371 978 4439 redditi
1003 4372 1072 4439 sint
1094 4372 1128 4439 iu
1177 4372 1254 4438 eles.
1279 4366 1321 4437 ld
1343 4367 1434 4460 quod
1457 4369 1609 4459 exemplo
1631 4387 1768 4458 quoque
1790 4385 1867 4447 suo,
1890 4377 1930 4428 ut
1951 4378 2000 4427 ta·

301 4477 393 4522 ceam
416 4455 481 4522 alia
503 4457 701 4541 innumere,
725 4483 825 4550 quam
849 4463 996 4529 maxime
1018 4463 1194 4553 probatum
1216 4459 1308 4528 dedit
1321 4458 1435 4527 Julius
1449 4457 1588 4540 Caesar,
1604 4457 1742 4525 Suetonr
1758 4459 1796 4520 in
1810 4450 1907 4519 Iulio
1922 4473 1997 4541 cap.

327 4546 357 4614 5.
383 4546 437 4614 82.
453 4561 486 4613 et
510 4544 570 4612 83.
585 4567 688 4638 quem
712 4549 936 4618 moderatione
957 4575 992 4622 ae
1015 4552 1187 4619 clementia
1211 4571 1288 4618 eum
1312 4549 1350 4616 in
1373 4547 1678 4623 administratione,
1703 4565 1775 4626 tum
1800 4545 1837 4610 in
1862 4541 1997 4612 victoria

301 4571 383 4704 belli
405 4635 516 4705 civilis
536 4635 770 4704 admirabilem
791 4643 955 4721 extitisse,
980 4640 1127 4710 historici
1152 4642 1305 4733 probatae
1327 4635 1405 4706 fidei
1428 4635 1596 4723 reserum,
1612 4635 1703 4729 quod
1728 4649 1838 4702 tamen
1863 4631 1928 4722 ipsi
1953 4653 1996 4695 ne

301 4731 338 4795 in
362 4739 495 4794 tantum
519 4727 656 4820 quidem
679 4728 829 4818 profuit,
854 4747 891 4797 ut
913 4754 930 4797 a
953 4730 1083 4818 Bruto,
1097 4755 1197 4824 quern
1223 4731 1260 4798 iu
1283 4727 1434 4799 s'ecuudis
1457 4727 1655 4796 haeredibus
1679 4727 1924 4804 nominaverat,
1942 4733 1998 4786 tu·
2041 4807 2045 4822 ι

302 4833 356 4886 tus
378 4839 446 4885 esse
469 4819 636 4910 potuerit,
661 4829 700 4884 ut
724 4821 834 4910 potius
859 4821 947 4888 inter
970 4822 1110 4890 aliorum
1136 4821 1374 4913 parricidarum
1398 4831 1431 4886 ct
1454 4815 1553 4910 hujus
1574 4819 1736 4885 ‘violentas
1758 4810 1903 4904 experiri
1929 4833 1997 4876 ms·

300 4934 365 4977 nus
389 4930 558 4976 necessum
582 4907 744 4974 habuerit.
768 4909 931 5000 Quinimo
953 4913 1148 5005 quotidiana
1172 4925 1311 4980 testatur
1333 4907 1557 5001 experientia,
1581 4933 1684 5000 quam
1706 4907 1838 4998 saepius
1859 4899 1921 4993 ipsi
1939 4923 1997 4966 nos

301 4997 545 5092 perdiderimus
566 5009 670 5089 atque
694 5023 762 5066 una
785 5003 946 5085 amicum,
961 5003 1045 5070 dum
1066 5001 1204 5072 afflictae
1227 5001 1321 5070 illius
1343 5000 1495 5068 fortunae
1510 4997 1599 5066 ult'ro
1622 5020 1683 5065 uec
1696 4993 1897 5064 considerate
1914 4992 1994 5055 eatis

301 5088 486 5160 remedium
510 5083 626 5156 afferre
648 5087 860 5174 studuimus,
883 5115 986 5184 quem
1010 5093 1179 5184 ingratum
1204 5089 1423 5158 nihilominus
1445 5109 1504 5180 pro
1527 5101 1619 5156 tanto
1641 5087 1772 5178 experti
1796 5105 1910 5151 snmus
1943 5081 1999 5148 be·

301 5181 436 5268 nebci03
460 5191 499 5246 ut
523 5179 572 5246 in·
591 5203 693 5272 quam
719 5180 1032 5250 verissime'dixerit
1055 5206 1154 5273 supra
1179 5179 1336 5248 laudatus
1356 5177 1478 5247 Poeta.-

549 5269 679 5338 Derine
703 5270 746 5339 de
765 5295 935 5430 puoquam
960 5275 1142 5365 quiequam
1165 5269 1247 5340 bene
1271 5269 1363 5338 atelle
1385 5269 1532 5352 mereri,

640 5361 719 5431 Aut
741 5387 763 5429 α
780 5367 888 5456 iquem
902 5363 990 5458 fiori
1035 5388 1110 5431 osse
1156 5379 1255 5428 utare
1277 5377 1388 5426 tuum:

549 5449 676 5520 Omnia
699 5469 781 5522 sunt
802 5456 966 5546 ingrata,
1020 5389 1153 5522 lCth
1173 5449 1366 5521 FECISSE
1390 5446 1609 5517 BENlGllE.

299 5543 371 5614 lion
396 5541 571 5632 miraberis
596 5544 676 5612 haec
699 5555 809 5612 tecum
832 5548 1018 5635 pensitans,
1048 5546 1147 5612 lector
1178 5539 1358 5623 benevole,
1382 5539 1579 5608 civilitatem
1602 5538 1755 5606 nocivam
1782 5561 1841 5604 cnr
1873 5537 1908 5602 in
1932 5561 1997 5630 pu·

297 5636 424 5705 blicum
450 5633 633 5730 producere
660 5656 725 5703 non
750 5635 987 5704 dubitaverim.
1006 5635 1188 5705 Enimvero
1211 5653 1249 5704 ut
1272 5632 1368 5702 laude
1392 5655 1448 5699 sua
1472 5631 1668 5700 civilitatem
1684 5627 1901 5696 defraudandi
1919 5653 2000 5722 ergo
