<?xml version="1.0" encoding="UTF-8"?>
<!DOCTYPE html PUBLIC "-//W3C//DTD XHTML 1.0 Transitional//EN"
    "http://www.w3.org/TR/xhtml1/DTD/xhtml1-transitional.dtd">
<html xmlns="http://www.w3.org/1999/xhtml" xml:lang="en" lang="en">
 <head>
  <title>
</title>
<meta http-equiv="Content-Type" content="text/html;charset=utf-8" />
  <meta name='ocr-system' content='tesseract 3.04.00' />
  <meta name='ocr-capabilities' content='ocr_page ocr_carea ocr_par ocr_line ocrx_word'/>
</head>
<body>
  <div class='ocr_page' id='page_1' title='image "./samuelisstrykii03schogoog_0407.png"; bbox 0 0 4446 6220; ppageno 0'>
   <div class='ocr_carea' id='block_1_1' title="bbox 234 313 1320 394">
    <p class='ocr_par' dir='ltr' id='par_1_1' title="bbox 234 313 1320 394">
     <span class='ocr_line' id='line_1_1' title="bbox 234 313 1320 394; baseline -0.01 -11"><span class='ocrx_word' id='word_1_1' title='bbox 234 327 291 383; x_wconf 78' lang='lat' dir='ltr'>stt</span> <span class='ocrx_word' id='word_1_2' title='bbox 707 321 773 377; x_wconf 72' lang='lat' dir='ltr'>tlt:</span> <span class='ocrx_word' id='word_1_3' title='bbox 790 319 836 376; x_wconf 82' lang='lat' dir='ltr'>EO</span> <span class='ocrx_word' id='word_1_4' title='bbox 856 321 956 394; x_wconf 83' lang='lat' dir='ltr'>Qtton</span> <span class='ocrx_word' id='word_1_5' title='bbox 974 319 1034 374; x_wconf 77' lang='grc' dir='ltr'>ΠΤ</span> <span class='ocrx_word' id='word_1_6' title='bbox 1048 313 1134 374; x_wconf 79' lang='lat' dir='ltr'>&#39;ll’SO</span> <span class='ocrx_word' id='word_1_7' title='bbox 1153 317 1243 374; x_wconf 71' lang='lat' dir='ltr'>tt‘ttt</span> <span class='ocrx_word' id='word_1_8' title='bbox 1260 333 1320 374; x_wconf 83' lang='grc' dir='ltr'>ιιι.</span> 
     </span>
    </p>
   </div>
   <div class='ocr_carea' id='block_1_2' title="bbox 122 414 1871 1335">
    <p class='ocr_par' dir='ltr' id='par_1_2' title="bbox 122 414 1871 1335">
     <span class='ocr_line' id='line_1_2' title="bbox 177 414 1868 495; baseline 0.004 -19"><span class='ocrx_word' id='word_1_9' title='bbox 177 415 296 495; x_wconf 76' lang='lat' dir='ltr'>&#39;gatione</span> <span class='ocrx_word' id='word_1_10' title='bbox 316 420 401 478; x_wconf 85' lang='lat' dir='ltr'>bloris</span> <span class='ocrx_word' id='word_1_11' title='bbox 418 430 475 477; x_wconf 89' lang='lat' dir='ltr'>erat</span> <span class='ocrx_word' id='word_1_12' title='bbox 493 429 554 476; x_wconf 89' lang='lat' dir='ltr'>ante</span> <span class='ocrx_word' id='word_1_13' title='bbox 571 421 595 474; x_wconf 79' lang='lat' dir='ltr'>ei.</span> <span class='ocrx_word' id='word_1_14' title='bbox 614 419 631 472; x_wconf 86' lang='lat' dir='ltr'>l.</span> <span class='ocrx_word' id='word_1_15' title='bbox 651 417 695 474; x_wconf 74' lang='lat'>23.</span> <span class='ocrx_word' id='word_1_16' title='bbox 713 431 770 473; x_wconf 83' lang='lat' dir='ltr'>soto</span> <span class='ocrx_word' id='word_1_17' title='bbox 788 420 877 494; x_wconf 68' lang='lat' dir='ltr'>ueliq&#39;.</span> <span class='ocrx_word' id='word_1_18' title='bbox 896 435 924 472; x_wconf 87' lang='lat' dir='ltr'>se</span> <span class='ocrx_word' id='word_1_19' title='bbox 939 429 995 472; x_wconf 90' lang='lat' dir='ltr'>tue·</span> <span class='ocrx_word' id='word_1_20' title='bbox 1050 417 1091 471; x_wconf 88' lang='lat' dir='ltr'>nis</span> <span class='ocrx_word' id='word_1_21' title='bbox 1110 428 1167 472; x_wconf 89' lang='lat' dir='ltr'>ante</span> <span class='ocrx_word' id='word_1_22' title='bbox 1186 417 1204 467; x_wconf 94' lang='grc' dir='ltr'>Ι.</span> <span class='ocrx_word' id='word_1_23' title='bbox 1223 433 1246 470; x_wconf 85' lang='grc' dir='ltr'>ι.</span> <span class='ocrx_word' id='word_1_24' title='bbox 1263 414 1463 483; x_wconf 75' lang='lat' dir='ltr'>contestandai,</span> <span class='ocrx_word' id='word_1_25' title='bbox 1482 415 1641 490; x_wconf 83' lang='lat' dir='ltr'>percendum</span> <span class='ocrx_word' id='word_1_26' title='bbox 1670 419 1797 487; x_wconf 73' lang='lat' dir='ltr'>uideatur.</span> <span class='ocrx_word' id='word_1_27' title='bbox 1815 437 1868 489; x_wconf 76' lang='lat' dir='ltr'>lte-</span> 
     </span>
     <span class='ocr_line' id='line_1_3' title="bbox 180 499 1870 578; baseline 0.002 -18"><span class='ocrx_word' id='word_1_28' title='bbox 180 510 225 573; x_wconf 84' lang='lat' dir='ltr'>ri,</span> <span class='ocrx_word' id='word_1_29' title='bbox 244 508 312 578; x_wconf 87' lang='lat' dir='ltr'>quod</span> <span class='ocrx_word' id='word_1_30' title='bbox 331 525 390 562; x_wconf 87' lang='lat' dir='ltr'>cnm</span> <span class='ocrx_word' id='word_1_31' title='bbox 410 509 543 561; x_wconf 87' lang='lat' dir='ltr'>sustulerit</span> <span class='ocrx_word' id='word_1_32' title='bbox 560 505 727 561; x_wconf 86' lang='lat' dir='ltr'>Justininnus</span> <span class='ocrx_word' id='word_1_33' title='bbox 749 509 775 560; x_wconf 80' lang='lat' dir='ltr'>d.</span> <span class='ocrx_word' id='word_1_34' title='bbox 794 506 811 558; x_wconf 94' lang='lat' dir='ltr'>l.</span> <span class='ocrx_word' id='word_1_35' title='bbox 831 507 874 559; x_wconf 78' lang='lat'>23.</span> <span class='ocrx_word' id='word_1_36' title='bbox 894 506 997 557; x_wconf 89' lang='lat' dir='ltr'>inutilia</span> <span class='ocrx_word' id='word_1_37' title='bbox 1047 501 1140 568; x_wconf 87' lang='lat' dir='ltr'>spond.</span> <span class='ocrx_word' id='word_1_38' title='bbox 1157 499 1216 552; x_wconf 83' lang='lat' dir='ltr'>Non</span> <span class='ocrx_word' id='word_1_39' title='bbox 1237 516 1343 569; x_wconf 87' lang='lat' dir='ltr'>poenam</span> <span class='ocrx_word' id='word_1_40' title='bbox 1363 503 1474 569; x_wconf 80' lang='lat' dir='ltr'>neglecti</span> <span class='ocrx_word' id='word_1_41' title='bbox 1491 507 1560 573; x_wconf 85' lang='lat' dir='ltr'>juris</span> <span class='ocrx_word' id='word_1_42' title='bbox 1586 513 1789 569; x_wconf 85' lang='lat' dir='ltr'>contestationis</span> <span class='ocrx_word' id='word_1_43' title='bbox 1807 534 1870 573; x_wconf 60' lang='lat' dir='ltr'>anta</span> 
     </span>
     <span class='ocr_line' id='line_1_4' title="bbox 183 583 1868 664; baseline 0.003 -19"><span class='ocrx_word' id='word_1_44' title='bbox 183 591 292 662; x_wconf 86' lang='lat' dir='ltr'>posthac</span> <span class='ocrx_word' id='word_1_45' title='bbox 314 591 363 644; x_wconf 83' lang='lat' dir='ltr'>soti</span> <span class='ocrx_word' id='word_1_46' title='bbox 391 593 492 644; x_wconf 89' lang='lat' dir='ltr'>mentio</span> <span class='ocrx_word' id='word_1_47' title='bbox 513 589 629 642; x_wconf 68' lang='lat' dir='ltr'>deiende</span> <span class='ocrx_word' id='word_1_48' title='bbox 648 601 712 644; x_wconf 83' lang='lat' dir='ltr'>eret.</span> <span class='ocrx_word' id='word_1_49' title='bbox 731 590 786 645; x_wconf 83' lang='lat' dir='ltr'>Nec</span> <span class='ocrx_word' id='word_1_50' title='bbox 806 588 999 660; x_wconf 80' lang='lat' dir='ltr'>(2)rerba‚et</span> <span class='ocrx_word' id='word_1_51' title='bbox 1048 585 1067 634; x_wconf 91' lang='lat' dir='ltr'>l·</span> <span class='ocrx_word' id='word_1_52' title='bbox 1085 603 1108 637; x_wconf 89' lang='lat' dir='ltr'>c.</span> <span class='ocrx_word' id='word_1_53' title='bbox 1129 583 1302 655; x_wconf 79' lang='lat' dir='ltr'>peragendae,</span> <span class='ocrx_word' id='word_1_54' title='bbox 1322 588 1501 656; x_wconf 84' lang='lat' dir='ltr'>exceptionem</span> <span class='ocrx_word' id='word_1_55' title='bbox 1527 602 1612 660; x_wconf 86' lang='lat' dir='ltr'>postea</span> <span class='ocrx_word' id='word_1_56' title='bbox 1633 595 1738 664; x_wconf 83' lang='lat' dir='ltr'>allegari</span> <span class='ocrx_word' id='word_1_57' title='bbox 1768 598 1868 654; x_wconf 84' lang='lat' dir='ltr'>inhibi-</span> 
     </span>
     <span class='ocr_line' id='line_1_5' title="bbox 122 666 1867 752; baseline 0.001 -22"><span class='ocrx_word' id='word_1_58' title='bbox 122 719 128 730; x_wconf 94' lang='lat'>.</span> <span class='ocrx_word' id='word_1_59' title='bbox 181 677 222 726; x_wconf 85' lang='lat' dir='ltr'>sic</span> <span class='ocrx_word' id='word_1_60' title='bbox 246 675 341 728; x_wconf 83' lang='lat' dir='ltr'>omnia</span> <span class='ocrx_word' id='word_1_61' title='bbox 366 674 485 729; x_wconf 73' lang='lat' dir='ltr'>tractari</span> <span class='ocrx_word' id='word_1_62' title='bbox 500 674 651 737; x_wconf 83' lang='lat' dir='ltr'>sancimus,</span> <span class='ocrx_word' id='word_1_63' title='bbox 672 692 743 748; x_wconf 77' lang='lat' dir='ltr'>grue</span> <span class='ocrx_word' id='word_1_64' title='bbox 766 675 1001 728; x_wconf 83' lang='lat' dir='ltr'>intercessionibus</span> <span class='ocrx_word' id='word_1_65' title='bbox 1050 679 1120 734; x_wconf 84' lang='lat' dir='ltr'>tum;</span> <span class='ocrx_word' id='word_1_66' title='bbox 1140 669 1185 720; x_wconf 88' lang='lat' dir='ltr'>sed</span> <span class='ocrx_word' id='word_1_67' title='bbox 1204 666 1264 736; x_wconf 85' lang='lat' dir='ltr'>qnia</span> <span class='ocrx_word' id='word_1_68' title='bbox 1282 676 1396 736; x_wconf 89' lang='lat' dir='ltr'>potestas</span> <span class='ocrx_word' id='word_1_69' title='bbox 1414 669 1509 736; x_wconf 84' lang='lat' dir='ltr'>judicis</span> <span class='ocrx_word' id='word_1_70' title='bbox 1535 675 1634 728; x_wconf 89' lang='lat' dir='ltr'>tardam</span> <span class='ocrx_word' id='word_1_71' title='bbox 1654 681 1710 745; x_wconf 84' lang='lat' dir='ltr'>ejus</span> <span class='ocrx_word' id='word_1_72' title='bbox 1728 682 1867 752; x_wconf 84' lang='lat' dir='ltr'>allegatio·</span> 
     </span>
     <span class='ocr_line' id='line_1_6' title="bbox 175 751 1865 828; baseline 0.004 -16"><span class='ocrx_word' id='word_1_73' title='bbox 175 759 372 828; x_wconf 76' lang='lat' dir='ltr'>foeminarum</span> <span class='ocrx_word' id='word_1_74' title='bbox 390 768 439 813; x_wconf 79' lang='lat' dir='ltr'>oret</span> <span class='ocrx_word' id='word_1_75' title='bbox 455 759 578 828; x_wconf 74' lang='lat' dir='ltr'><em>pristinis</em></span> <span class='ocrx_word' id='word_1_76' title='bbox 596 760 699 828; x_wconf 76' lang='lat' dir='ltr'>legibus</span> <span class='ocrx_word' id='word_1_77' title='bbox 717 767 812 823; x_wconf 80' lang='lat' dir='ltr'>catatu,</span> <span class='ocrx_word' id='word_1_78' title='bbox 832 769 880 813; x_wconf 85' lang='lat' dir='ltr'>aut</span> <span class='ocrx_word' id='word_1_79' title='bbox 896 757 929 810; x_wconf 83' lang='lat' dir='ltr'>ni</span> <span class='ocrx_word' id='word_1_80' title='bbox 949 757 999 810; x_wconf 83' lang='lat' dir='ltr'>ins·</span> <span class='ocrx_word' id='word_1_81' title='bbox 1049 768 1111 804; x_wconf 88' lang='lat' dir='ltr'>nem</span> <span class='ocrx_word' id='word_1_82' title='bbox 1130 751 1277 824; x_wconf 87' lang='lat' dir='ltr'>recipiendi</span> <span class='ocrx_word' id='word_1_83' title='bbox 1295 769 1409 822; x_wconf 88' lang='lat' dir='ltr'>eousque</span> <span class='ocrx_word' id='word_1_84' title='bbox 1426 771 1479 808; x_wconf 88' lang='lat' dir='ltr'>noo</span> <span class='ocrx_word' id='word_1_85' title='bbox 1507 759 1641 828; x_wconf 86' lang='lat' dir='ltr'>pertingit.</span> <span class='ocrx_word' id='word_1_86' title='bbox 1665 763 1773 818; x_wconf 78' lang='lat' dir='ltr'>iudicio</span> <span class='ocrx_word' id='word_1_87' title='bbox 1791 767 1865 822; x_wconf 87' lang='lat' dir='ltr'>enim</span> 
     </span>
     <span class='ocr_line' id='line_1_7' title="bbox 180 835 1871 915; baseline 0.006 -21"><span class='ocrx_word' id='word_1_88' title='bbox 180 844 277 915; x_wconf 85' lang='lat' dir='ltr'>periali</span> <span class='ocrx_word' id='word_1_89' title='bbox 297 842 641 899; x_wconf 74' lang='lat' dir='ltr'>auctoritateiutrodnctn·</span> <span class='ocrx_word' id='word_1_90' title='bbox 667 844 799 914; x_wconf 74' lang='lat' dir='ltr'>Quoniam</span> <span class='ocrx_word' id='word_1_91' title='bbox 819 844 890 897; x_wconf 89' lang='lat' dir='ltr'>enim</span> <span class='ocrx_word' id='word_1_92' title='bbox 908 859 942 896; x_wconf 87' lang='lat' dir='ltr'>ex</span> <span class='ocrx_word' id='word_1_93' title='bbox 961 861 1000 896; x_wconf 90' lang='lat' dir='ltr'>ra·</span> <span class='ocrx_word' id='word_1_94' title='bbox 1048 835 1301 906; x_wconf 61' lang='lat' dir='ltr'>constituimjudici</span> <span class='ocrx_word' id='word_1_95' title='bbox 1321 854 1374 889; x_wconf 90' lang='lat' dir='ltr'>nou</span> <span class='ocrx_word' id='word_1_96' title='bbox 1393 839 1463 891; x_wconf 75' lang='lat' dir='ltr'>aliutl</span> <span class='ocrx_word' id='word_1_97' title='bbox 1483 842 1652 912; x_wconf 86' lang='lat' dir='ltr'>licet,quem</span> <span class='ocrx_word' id='word_1_98' title='bbox 1669 845 1737 915; x_wconf 86' lang='lat' dir='ltr'>quod</span> <span class='ocrx_word' id='word_1_99' title='bbox 1757 864 1871 904; x_wconf 84' lang='lat' dir='ltr'>consen·</span> 
     </span>
     <span class='ocr_line' id='line_1_8' title="bbox 184 920 1864 999; baseline 0.002 -21"><span class='ocrx_word' id='word_1_100' title='bbox 184 929 302 980; x_wconf 90' lang='lat' dir='ltr'>tionibus</span> <span class='ocrx_word' id='word_1_101' title='bbox 321 927 440 981; x_wconf 85' lang='lat' dir='ltr'>adductis</span> <span class='ocrx_word' id='word_1_102' title='bbox 461 938 578 994; x_wconf 76' lang='lat' dir='ltr'>cousin,</span> <span class='ocrx_word' id='word_1_103' title='bbox 597 929 779 999; x_wconf 83' lang='lat' dir='ltr'>imperatorem</span> <span class='ocrx_word' id='word_1_104' title='bbox 794 927 936 982; x_wconf 83' lang='lat' dir='ltr'>mulierem</span> <span class='ocrx_word' id='word_1_105' title='bbox 954 927 1001 980; x_wconf 91' lang='lat' dir='ltr'>cb·</span> <span class='ocrx_word' id='word_1_106' title='bbox 1051 921 1124 973; x_wconf 83' lang='lat' dir='ltr'>lione</span> <span class='ocrx_word' id='word_1_107' title='bbox 1140 937 1190 990; x_wconf 89' lang='lat' dir='ltr'>qua</span> <span class='ocrx_word' id='word_1_108' title='bbox 1208 930 1281 974; x_wconf 91' lang='lat' dir='ltr'>ectus</span> <span class='ocrx_word' id='word_1_109' title='bbox 1299 920 1359 973; x_wconf 88' lang='lat' dir='ltr'>litis</span> <span class='ocrx_word' id='word_1_110' title='bbox 1377 925 1579 978; x_wconf 85' lang='lat' dir='ltr'>contestetienis</span> <span class='ocrx_word' id='word_1_111' title='bbox 1598 929 1773 995; x_wconf 86' lang='lat' dir='ltr'>consistebat,</span> <span class='ocrx_word' id='word_1_112' title='bbox 1791 947 1864 989; x_wconf 84' lang='lat' dir='ltr'>corn-</span> 
     </span>
     <span class='ocr_line' id='line_1_9' title="bbox 181 997 1870 1090; baseline 0.001 -26"><span class='ocrx_word' id='word_1_113' title='bbox 181 1011 267 1081; x_wconf 87' lang='lat' dir='ltr'>ligare</span> <span class='ocrx_word' id='word_1_114' title='bbox 291 1011 419 1078; x_wconf 80' lang='lat' dir='ltr'>soluisse,</span> <span class='ocrx_word' id='word_1_115' title='bbox 432 1013 462 1065; x_wconf 49' lang='lat' dir='ltr'>¹si</span> <span class='ocrx_word' id='word_1_116' title='bbox 483 1012 614 1082; x_wconf 86' lang='lat' dir='ltr'>scriptura</span> <span class='ocrx_word' id='word_1_117' title='bbox 635 1013 753 1080; x_wconf 86' lang='lat' dir='ltr'>legitima</span> <span class='ocrx_word' id='word_1_118' title='bbox 779 1029 805 1065; x_wconf 85' lang='lat' dir='ltr'>se</span> <span class='ocrx_word' id='word_1_119' title='bbox 830 1011 1000 1080; x_wconf 77' lang='lat' dir='ltr'>obligaverit,</span> <span class='ocrx_word' id='word_1_120' title='bbox 1049 1005 1224 1076; x_wconf 79' lang='lat' dir='ltr'>prehensum,</span> <span class='ocrx_word' id='word_1_121' title='bbox 1238 1019 1260 1060; x_wconf 90' lang='lat' dir='ltr'>et</span> <span class='ocrx_word' id='word_1_122' title='bbox 1280 1007 1421 1060; x_wconf 88' lang='lat' dir='ltr'>seeundum</span> <span class='ocrx_word' id='word_1_123' title='bbox 1439 997 1516 1080; x_wconf 82' lang='lat' dir='ltr'>quam</span> <span class='ocrx_word' id='word_1_124' title='bbox 1537 1010 1659 1078; x_wconf 78' lang='lat' dir='ltr'>formula,</span> <span class='ocrx_word' id='word_1_125' title='bbox 1676 1033 1741 1086; x_wconf 85' lang='lat' dir='ltr'>quae</span> <span class='ocrx_word' id='word_1_126' title='bbox 1753 1018 1870 1090; x_wconf 70' lang='lat' dir='ltr'>pedaneo</span> 
     </span>
     <span class='ocr_line' id='line_1_10' title="bbox 183 1089 1870 1172; baseline 0.001 -26"><span class='ocrx_word' id='word_1_127' title='bbox 183 1110 233 1146; x_wconf 89' lang='lat' dir='ltr'>nec</span> <span class='ocrx_word' id='word_1_128' title='bbox 244 1093 384 1166; x_wconf 68' lang='lat' dir='ltr'>reliquerit</span> <span class='ocrx_word' id='word_1_129' title='bbox 397 1095 440 1151; x_wconf 89' lang='lat' dir='ltr'>tali</span> <span class='ocrx_word' id='word_1_130' title='bbox 457 1094 535 1148; x_wconf 90' lang='lat' dir='ltr'>modo</span> <span class='ocrx_word' id='word_1_131' title='bbox 545 1094 676 1163; x_wconf 79' lang='lat' dir='ltr'>obligatus</span> <span class='ocrx_word' id='word_1_132' title='bbox 688 1099 889 1164; x_wconf 56' lang='lat' dir='ltr'>exceptionem,</span> <span class='ocrx_word' id='word_1_133' title='bbox 902 1095 1000 1148; x_wconf 87' lang='lat' dir='ltr'>clarius</span> <span class='ocrx_word' id='word_1_134' title='bbox 1052 1089 1279 1159; x_wconf 80' lang='lat' dir='ltr'>prnescribebatnr</span> <span class='ocrx_word' id='word_1_135' title='bbox 1296 1103 1430 1164; x_wconf 78' lang='lat' dir='ltr'>conceptu.</span> <span class='ocrx_word' id='word_1_136' title='bbox 1449 1094 1553 1148; x_wconf 86' lang='lat' dir='ltr'>Omissa</span> <span class='ocrx_word' id='word_1_137' title='bbox 1567 1097 1650 1166; x_wconf 80' lang='lat' dir='ltr'>igitur</span> <span class='ocrx_word' id='word_1_138' title='bbox 1667 1103 1788 1172; x_wconf 87' lang='lat' dir='ltr'>exceptio</span> <span class='ocrx_word' id='word_1_139' title='bbox 1805 1113 1870 1160; x_wconf 66' lang='lat' dir='ltr'>tam.</span> 
     </span>
     <span class='ocr_line' id='line_1_11' title="bbox 177 1173 1869 1253; baseline 0.003 -22"><span class='ocrx_word' id='word_1_140' title='bbox 177 1179 405 1250; x_wconf 87' lang='lat' dir='ltr'>e&#39;nterpretebitur</span> <span class='ocrx_word' id='word_1_141' title='bbox 421 1173 624 1243; x_wconf 51' lang='lat' dir='ltr'>cbe&#39;curomset</span> <span class='ocrx_word' id='word_1_142' title='bbox 651 1180 763 1233; x_wconf 86' lang='lat' dir='ltr'>istorum</span> <span class='ocrx_word' id='word_1_143' title='bbox 787 1177 923 1232; x_wconf 86' lang='lat' dir='ltr'>rerbornm</span> <span class='ocrx_word' id='word_1_144' title='bbox 942 1195 999 1230; x_wconf 89' lang='lat' dir='ltr'>seu·</span> <span class='ocrx_word' id='word_1_145' title='bbox 1052 1190 1113 1244; x_wconf 79' lang='lat' dir='ltr'>pore</span> <span class='ocrx_word' id='word_1_146' title='bbox 1131 1173 1188 1228; x_wconf 90' lang='lat' dir='ltr'>litis</span> <span class='ocrx_word' id='word_1_147' title='bbox 1204 1175 1404 1241; x_wconf 86' lang='lat' dir='ltr'>contestandae,</span> <span class='ocrx_word' id='word_1_148' title='bbox 1423 1177 1460 1230; x_wconf 92' lang='lat' dir='ltr'>uti</span> <span class='ocrx_word' id='word_1_149' title='bbox 1480 1176 1607 1234; x_wconf 83' lang='lat' dir='ltr'>formulae</span> <span class='ocrx_word' id='word_1_150' title='bbox 1626 1199 1679 1235; x_wconf 88' lang='lat' dir='ltr'>non</span> <span class='ocrx_word' id='word_1_151' title='bbox 1698 1194 1803 1253; x_wconf 84' lang='lat' dir='ltr'>poterat</span> <span class='ocrx_word' id='word_1_152' title='bbox 1820 1189 1869 1240; x_wconf 83' lang='lat' dir='ltr'>nd.</span> 
     </span>
     <span class='ocr_line' id='line_1_12' title="bbox 181 1257 1869 1335; baseline 0.005 -19"><span class='ocrx_word' id='word_1_153' title='bbox 181 1280 227 1317; x_wconf 88' lang='lat' dir='ltr'>eus</span> <span class='ocrx_word' id='word_1_154' title='bbox 245 1262 314 1317; x_wconf 84' lang='lat' dir='ltr'>erit:</span> <span class='ocrx_word' id='word_1_155' title='bbox 334 1281 402 1333; x_wconf 80' lang='lat' dir='ltr'>qnae</span> <span class='ocrx_word' id='word_1_156' title='bbox 420 1263 543 1319; x_wconf 89' lang='lat' dir='ltr'>hactenus</span> <span class='ocrx_word' id='word_1_157' title='bbox 562 1267 596 1320; x_wconf 92' lang='lat' dir='ltr'>de</span> <span class='ocrx_word' id='word_1_158' title='bbox 622 1265 743 1320; x_wconf 87' lang='lat' dir='ltr'>mulieris</span> <span class='ocrx_word' id='word_1_159' title='bbox 768 1263 881 1316; x_wconf 89' lang='lat' dir='ltr'>alienam</span> <span class='ocrx_word' id='word_1_160' title='bbox 900 1259 1001 1329; x_wconf 86' lang='lat' dir='ltr'>obliga·</span> <span class='ocrx_word' id='word_1_161' title='bbox 1048 1257 1138 1326; x_wconf 83' lang='lat' dir='ltr'>jungi,</span> <span class='ocrx_word' id='word_1_162' title='bbox 1157 1257 1190 1310; x_wconf 90' lang='lat' dir='ltr'>ita</span> <span class='ocrx_word' id='word_1_163' title='bbox 1209 1273 1256 1310; x_wconf 88' lang='lat' dir='ltr'>nec</span> <span class='ocrx_word' id='word_1_164' title='bbox 1281 1258 1362 1327; x_wconf 86' lang='lat' dir='ltr'>jodici</span> <span class='ocrx_word' id='word_1_165' title='bbox 1384 1261 1507 1314; x_wconf 85' lang='lat' dir='ltr'>eamdem</span> <span class='ocrx_word' id='word_1_166' title='bbox 1530 1275 1614 1333; x_wconf 88' lang='lat' dir='ltr'>postea</span> <span class='ocrx_word' id='word_1_167' title='bbox 1633 1267 1761 1335; x_wconf 80' lang='lat' dir='ltr'>objoonm</span> <span class='ocrx_word' id='word_1_168' title='bbox 1780 1277 1869 1326; x_wconf 89' lang='lat' dir='ltr'>cousi-</span> 
     </span>
    </p>
   </div>
   <div class='ocr_carea' id='block_1_3' title="bbox 1759 311 1962 387">
    <p class='ocr_par' dir='ltr' id='par_1_3' title="bbox 1759 311 1962 387">
     <span class='ocr_line' id='line_1_13' title="bbox 1759 311 1962 387; baseline -0.015 0"><span class='ocrx_word' id='word_1_169' title='bbox 1759 311 1962 387; x_wconf 65' lang='lat' dir='ltr'>&#39;ets‘&#39;</span> 
     </span>
    </p>
   </div>
   <div class='ocr_carea' id='block_1_4' title="bbox 141 1341 1004 3516">
    <p class='ocr_par' dir='ltr' id='par_1_4' title="bbox 141 1341 1004 3516">
     <span class='ocr_line' id='line_1_14' title="bbox 181 1341 999 1419; baseline 0 -24"><span class='ocrx_word' id='word_1_170' title='bbox 181 1345 287 1400; x_wconf 82' lang='lat' dir='ltr'>‚tionem</span> <span class='ocrx_word' id='word_1_171' title='bbox 301 1347 464 1418; x_wconf 80' lang='lat' dir='ltr'>recipientis</span> <span class='ocrx_word' id='word_1_172' title='bbox 482 1350 639 1419; x_wconf 68' lang='lat' dir='ltr'>exceptione</span> <span class='ocrx_word' id='word_1_173' title='bbox 657 1349 728 1404; x_wconf 88' lang='lat' dir='ltr'>dicta</span> <span class='ocrx_word' id='word_1_174' title='bbox 754 1346 861 1398; x_wconf 91' lang='lat' dir='ltr'>inerunt</span> <span class='ocrx_word' id='word_1_175' title='bbox 878 1346 918 1398; x_wconf 89' lang='lat' dir='ltr'>rel</span> <span class='ocrx_word' id='word_1_176' title='bbox 937 1341 999 1412; x_wconf 83' lang='lat' dir='ltr'>legi-</span> 
     </span>
     <span class='ocr_line' id='line_1_15' title="bbox 182 1427 1002 1502; baseline -0.005 -17"><span class='ocrx_word' id='word_1_177' title='bbox 182 1433 250 1494; x_wconf 89' lang='lat' dir='ltr'>bus,</span> <span class='ocrx_word' id='word_1_178' title='bbox 263 1432 304 1483; x_wconf 88' lang='lat' dir='ltr'>rel</span> <span class='ocrx_word' id='word_1_179' title='bbox 324 1431 458 1500; x_wconf 88' lang='lat' dir='ltr'>imperiali</span> <span class='ocrx_word' id='word_1_180' title='bbox 478 1431 628 1502; x_wconf 86' lang='lat' dir='ltr'>rescripto,</span> <span class='ocrx_word' id='word_1_181' title='bbox 644 1433 682 1485; x_wconf 86' lang='lat' dir='ltr'>sic</span> <span class='ocrx_word' id='word_1_182' title='bbox 702 1427 849 1493; x_wconf 73' lang='lat' dir='ltr'>tractanda,</span> <span class='ocrx_word' id='word_1_183' title='bbox 861 1437 889 1480; x_wconf 92' lang='lat' dir='ltr'>ut</span> <span class='ocrx_word' id='word_1_184' title='bbox 903 1429 1002 1481; x_wconf 88' lang='lat' dir='ltr'>nullius</span> 
     </span>
     <span class='ocr_line' id='line_1_16' title="bbox 182 1512 1001 1586; baseline -0.007 -16"><span class='ocrx_word' id='word_1_185' title='bbox 182 1515 313 1570; x_wconf 83' lang='lat' dir='ltr'>momenti</span> <span class='ocrx_word' id='word_1_186' title='bbox 330 1525 391 1586; x_wconf 86' lang='lat' dir='ltr'>post</span> <span class='ocrx_word' id='word_1_187' title='bbox 409 1513 436 1565; x_wconf 81' lang='lat' dir='ltr'>d.</span> <span class='ocrx_word' id='word_1_188' title='bbox 455 1515 471 1566; x_wconf 87' lang='lat' dir='ltr'>i.</span> <span class='ocrx_word' id='word_1_189' title='bbox 491 1515 535 1566; x_wconf 78' lang='lat'>2³.</span> <span class='ocrx_word' id='word_1_190' title='bbox 555 1525 671 1568; x_wconf 85' lang='lat' dir='ltr'>nostram</span> <span class='ocrx_word' id='word_1_191' title='bbox 690 1512 910 1568; x_wconf 86' lang='lat' dir='ltr'>constitutionem</span> <span class='ocrx_word' id='word_1_192' title='bbox 929 1512 1001 1576; x_wconf 85' lang='lat' dir='ltr'>sint,</span> 
     </span>
     <span class='ocr_line' id='line_1_17' title="bbox 179 1593 1002 1669; baseline -0.009 -16"><span class='ocrx_word' id='word_1_193' title='bbox 179 1616 232 1652; x_wconf 85' lang='lat' dir='ltr'>neo</span> <span class='ocrx_word' id='word_1_194' title='bbox 250 1599 299 1652; x_wconf 89' lang='lat' dir='ltr'>seti</span> <span class='ocrx_word' id='word_1_195' title='bbox 321 1593 452 1650; x_wconf 79' lang='lat' dir='ltr'>beneficio</span> <span class='ocrx_word' id='word_1_196' title='bbox 471 1599 580 1668; x_wconf 85' lang='lat' dir='ltr'>posthac</span> <span class='ocrx_word' id='word_1_197' title='bbox 592 1615 663 1669; x_wconf 82' lang='lat' dir='ltr'>opus</span> <span class='ocrx_word' id='word_1_198' title='bbox 674 1635 681 1663; x_wconf 92' lang='lat'>,</span> <span class='ocrx_word' id='word_1_199' title='bbox 693 1598 753 1668; x_wconf 87' lang='lat' dir='ltr'>quia</span> <span class='ocrx_word' id='word_1_200' title='bbox 766 1597 885 1649; x_wconf 84' lang='lat' dir='ltr'>solumne</span> <span class='ocrx_word' id='word_1_201' title='bbox 902 1605 931 1647; x_wconf 89' lang='grc' dir='ltr'>ιιι</span> <span class='ocrx_word' id='word_1_202' title='bbox 941 1611 1002 1648; x_wconf 87' lang='lat' dir='ltr'>mn-</span> 
     </span>
     <span class='ocr_line' id='line_1_18' title="bbox 179 1681 1004 1753; baseline 0.001 -15"><span class='ocrx_word' id='word_1_203' title='bbox 179 1687 260 1738; x_wconf 91' lang='lat' dir='ltr'>lieres</span> <span class='ocrx_word' id='word_1_204' title='bbox 279 1681 410 1753; x_wconf 87' lang='lat' dir='ltr'>scriptura</span> <span class='ocrx_word' id='word_1_205' title='bbox 431 1693 455 1735; x_wconf 90' lang='lat' dir='ltr'>et</span> <span class='ocrx_word' id='word_1_206' title='bbox 468 1681 578 1735; x_wconf 85' lang='lat' dir='ltr'>testibus</span> <span class='ocrx_word' id='word_1_207' title='bbox 590 1681 777 1735; x_wconf 81' lang='lat' dir='ltr'>recedentibus</span> <span class='ocrx_word' id='word_1_208' title='bbox 788 1683 1004 1752; x_wconf 76' lang='lat' dir='ltr'>obstringamur,</span> 
     </span>
     <span class='ocr_line' id='line_1_19' title="bbox 182 1765 1003 1837; baseline -0.001 -13"><span class='ocrx_word' id='word_1_209' title='bbox 182 1779 226 1824; x_wconf 88' lang='lat' dir='ltr'>aut</span> <span class='ocrx_word' id='word_1_210' title='bbox 249 1769 271 1822; x_wconf 91' lang='lat' dir='ltr'>si</span> <span class='ocrx_word' id='word_1_211' title='bbox 297 1768 430 1837; x_wconf 80' lang='lat' dir='ltr'>neglecte,</span> <span class='ocrx_word' id='word_1_212' title='bbox 450 1767 528 1836; x_wconf 86' lang='lat' dir='ltr'>plene</span> <span class='ocrx_word' id='word_1_213' title='bbox 553 1767 685 1819; x_wconf 83' lang='lat' dir='ltr'>immunes</span> <span class='ocrx_word' id='word_1_214' title='bbox 709 1765 741 1818; x_wconf 93' lang='lat' dir='ltr'>ab</span> <span class='ocrx_word' id='word_1_215' title='bbox 763 1766 925 1836; x_wconf 67' lang='lat' dir='ltr'>obligatione</span> <span class='ocrx_word' id='word_1_216' title='bbox 951 1769 1003 1823; x_wconf 90' lang='lat' dir='ltr'>sint</span> 
     </span>
     <span class='ocr_line' id='line_1_20' title="bbox 180 1850 1004 1923; baseline 0 -17"><span class='ocrx_word' id='word_1_217' title='bbox 180 1853 244 1923; x_wconf 83' lang='lat' dir='ltr'>ipso</span> <span class='ocrx_word' id='word_1_218' title='bbox 270 1852 342 1920; x_wconf 86' lang='lat' dir='ltr'>iure,</span> <span class='ocrx_word' id='word_1_219' title='bbox 368 1853 421 1904; x_wconf 90' lang='lat' dir='ltr'>nial</span> <span class='ocrx_word' id='word_1_220' title='bbox 449 1851 545 1904; x_wconf 88' lang='lat' dir='ltr'>molier</span> <span class='ocrx_word' id='word_1_221' title='bbox 571 1850 702 1920; x_wconf 84' lang='lat' dir='ltr'>scriptura</span> <span class='ocrx_word' id='word_1_222' title='bbox 725 1859 754 1902; x_wconf 87' lang='lat' dir='ltr'>et</span> <span class='ocrx_word' id='word_1_223' title='bbox 781 1852 866 1904; x_wconf 87' lang='lat' dir='ltr'>tribus</span> <span class='ocrx_word' id='word_1_224' title='bbox 894 1853 1004 1907; x_wconf 84' lang='lat' dir='ltr'>testibus</span> 
     </span>
     <span class='ocr_line' id='line_1_21' title="bbox 181 1926 1002 2004; baseline 0.001 -15"><span class='ocrx_word' id='word_1_225' title='bbox 181 1935 333 2004; x_wconf 76' lang='lat' dir='ltr'>subsignata</span> <span class='ocrx_word' id='word_1_226' title='bbox 353 1951 382 1986; x_wconf 92' lang='lat' dir='ltr'>se</span> <span class='ocrx_word' id='word_1_227' title='bbox 398 1931 564 2003; x_wconf 77' lang='lat' dir='ltr'>obligaverit.</span> <span class='ocrx_word' id='word_1_228' title='bbox 582 1933 638 1986; x_wconf 82' lang='lat' dir='ltr'>Neo</span> <span class='ocrx_word' id='word_1_229' title='bbox 649 1933 690 2003; x_wconf 85' lang='lat'>(³)</span> <span class='ocrx_word' id='word_1_230' title='bbox 702 1933 771 2002; x_wconf 88' lang='lat' dir='ltr'>quod</span> <span class='ocrx_word' id='word_1_231' title='bbox 790 1926 932 2004; x_wconf 81' lang='lat' dir='ltr'>imperator</span> <span class='ocrx_word' id='word_1_232' title='bbox 950 1953 1002 1990; x_wconf 91' lang='lat' dir='ltr'>non</span> 
     </span>
     <span class='ocr_line' id='line_1_22' title="bbox 177 2015 1001 2091; baseline 0.001 -18"><span class='ocrx_word' id='word_1_233' title='bbox 177 2018 386 2091; x_wconf 79' lang='lat' dir='ltr'>praesumendus</span> <span class='ocrx_word' id='word_1_234' title='bbox 404 2017 524 2072; x_wconf 76' lang='lat' dir='ltr'>facilitati</span> <span class='ocrx_word' id='word_1_235' title='bbox 539 2015 732 2084; x_wconf 59' lang='lat' dir='ltr'>vicetninurum,</span> <span class='ocrx_word' id='word_1_236' title='bbox 752 2036 800 2088; x_wconf 85' lang='lat' dir='ltr'>qua</span> <span class='ocrx_word' id='word_1_237' title='bbox 817 2019 935 2072; x_wconf 88' lang='lat' dir='ltr'>creditae</span> <span class='ocrx_word' id='word_1_238' title='bbox 942 2019 1001 2074; x_wconf 77' lang='lat' dir='ltr'>ine·</span> 
     </span>
     <span class='ocr_line' id='line_1_23' title="bbox 180 2099 1002 2172; baseline -0.005 -14"><span class='ocrx_word' id='word_1_239' title='bbox 180 2115 248 2158; x_wconf 79' lang='lat' dir='ltr'>·rnnt</span> <span class='ocrx_word' id='word_1_240' title='bbox 265 2121 278 2154; x_wconf 94' lang='grc' dir='ltr'>ι</span> <span class='ocrx_word' id='word_1_241' title='bbox 298 2103 492 2170; x_wconf 79' lang='lat' dir='ltr'>legislatoribus</span> <span class='ocrx_word' id='word_1_242' title='bbox 511 2100 732 2172; x_wconf 89' lang='lat' dir='ltr'>praecedentibus</span> <span class='ocrx_word' id='word_1_243' title='bbox 750 2101 914 2172; x_wconf 79' lang='lat' dir='ltr'>propendere</span> <span class='ocrx_word' id='word_1_244' title='bbox 928 2103 955 2155; x_wconf 91' lang='lat' dir='ltr'>in</span> <span class='ocrx_word' id='word_1_245' title='bbox 970 2099 1002 2154; x_wconf 75' lang='lat' dir='ltr'>fi-</span> 
     </span>
     <span class='ocr_line' id='line_1_24' title="bbox 176 2182 1000 2256; baseline -0.004 -17"><span class='ocrx_word' id='word_1_246' title='bbox 176 2187 358 2256; x_wconf 81' lang='lat' dir='ltr'>dejussiones,</span> <span class='ocrx_word' id='word_1_247' title='bbox 377 2184 566 2238; x_wconf 88' lang='lat' dir='ltr'>constitutione</span> <span class='ocrx_word' id='word_1_248' title='bbox 584 2201 628 2236; x_wconf 89' lang='lat' dir='ltr'>sne</span> <span class='ocrx_word' id='word_1_249' title='bbox 648 2182 677 2234; x_wconf 89' lang='lat' dir='ltr'>in</span> <span class='ocrx_word' id='word_1_250' title='bbox 697 2193 799 2237; x_wconf 89' lang='lat' dir='ltr'>tanturn</span> <span class='ocrx_word' id='word_1_251' title='bbox 818 2185 942 2254; x_wconf 86' lang='lat' dir='ltr'>opitulari</span> <span class='ocrx_word' id='word_1_252' title='bbox 954 2201 1000 2237; x_wconf 78' lang='lat' dir='ltr'>eo-</span> 
     </span>
     <span class='ocr_line' id='line_1_25' title="bbox 176 2269 996 2341; baseline 0 -17"><span class='ocrx_word' id='word_1_253' title='bbox 176 2272 269 2324; x_wconf 84' lang='lat' dir='ltr'>luisse.</span> <span class='ocrx_word' id='word_1_254' title='bbox 291 2271 427 2341; x_wconf 70' lang='lat' dir='ltr'>desponsi.</span> <span class='ocrx_word' id='word_1_255' title='bbox 444 2269 568 2322; x_wconf 70' lang='lat' dir='ltr'>Facilitas</span> <span class='ocrx_word' id='word_1_256' title='bbox 587 2271 645 2336; x_wconf 89' lang='lat' dir='ltr'>ilia,</span> <span class='ocrx_word' id='word_1_257' title='bbox 661 2287 739 2340; x_wconf 77' lang='lat' dir='ltr'>quarn</span> <span class='ocrx_word' id='word_1_258' title='bbox 758 2270 921 2340; x_wconf 70' lang='lat' dir='ltr'>legislatores</span> <span class='ocrx_word' id='word_1_259' title='bbox 939 2287 996 2324; x_wconf 86' lang='lat' dir='ltr'>con·</span> 
     </span>
     <span class='ocr_line' id='line_1_26' title="bbox 180 2353 999 2426; baseline -0.001 -17"><span class='ocrx_word' id='word_1_260' title='bbox 180 2357 311 2410; x_wconf 88' lang='lat' dir='ltr'>sideresse</span> <span class='ocrx_word' id='word_1_261' title='bbox 330 2359 464 2426; x_wconf 86' lang='lat' dir='ltr'>leguntur,</span> <span class='ocrx_word' id='word_1_262' title='bbox 485 2356 557 2408; x_wconf 90' lang='lat' dir='ltr'>nulla</span> <span class='ocrx_word' id='word_1_263' title='bbox 578 2353 635 2411; x_wconf 86' lang='lat' dir='ltr'>init·</span> <span class='ocrx_word' id='word_1_264' title='bbox 656 2357 685 2409; x_wconf 80' lang='lat' dir='ltr'>Si</span> <span class='ocrx_word' id='word_1_265' title='bbox 705 2353 784 2408; x_wconf 82' lang='lat' dir='ltr'>enim</span> <span class='ocrx_word' id='word_1_266' title='bbox 794 2355 895 2407; x_wconf 87' lang='lat' dir='ltr'>mulier</span> <span class='ocrx_word' id='word_1_267' title='bbox 908 2356 999 2410; x_wconf 81' lang='lat' dir='ltr'>sciris·</span> 
     </span>
     <span class='ocr_line' id='line_1_27' title="bbox 179 2436 999 2507; baseline 0.001 -14"><span class='ocrx_word' id='word_1_268' title='bbox 179 2451 233 2506; x_wconf 83' lang='lat' dir='ltr'>eet,</span> <span class='ocrx_word' id='word_1_269' title='bbox 252 2458 279 2493; x_wconf 92' lang='lat' dir='ltr'>se</span> <span class='ocrx_word' id='word_1_270' title='bbox 297 2441 328 2492; x_wconf 92' lang='lat' dir='ltr'>ad</span> <span class='ocrx_word' id='word_1_271' title='bbox 346 2439 501 2494; x_wconf 80' lang='lat' dir='ltr'>solvendum</span> <span class='ocrx_word' id='word_1_272' title='bbox 532 2439 693 2493; x_wconf 85' lang='lat' dir='ltr'>obst-rictum</span> <span class='ocrx_word' id='word_1_273' title='bbox 721 2439 773 2504; x_wconf 92' lang='lat' dir='ltr'>iri,</span> <span class='ocrx_word' id='word_1_274' title='bbox 792 2437 824 2489; x_wconf 91' lang='lat' dir='ltr'>ad</span> <span class='ocrx_word' id='word_1_275' title='bbox 850 2436 999 2507; x_wconf 80' lang='lat' dir='ltr'>fidejussio·</span> 
     </span>
     <span class='ocr_line' id='line_1_28' title="bbox 177 2519 995 2590; baseline -0.002 -14"><span class='ocrx_word' id='word_1_276' title='bbox 177 2541 241 2578; x_wconf 88' lang='lat' dir='ltr'>nem</span> <span class='ocrx_word' id='word_1_277' title='bbox 260 2541 312 2576; x_wconf 90' lang='lat' dir='ltr'>non</span> <span class='ocrx_word' id='word_1_278' title='bbox 330 2523 421 2576; x_wconf 86' lang='lat' dir='ltr'>minus</span> <span class='ocrx_word' id='word_1_279' title='bbox 442 2522 528 2576; x_wconf 89' lang='lat' dir='ltr'>iacilis</span> <span class='ocrx_word' id='word_1_280' title='bbox 545 2525 669 2576; x_wconf 78' lang='lat' dir='ltr'>erasisset</span> <span class='ocrx_word' id='word_1_281' title='bbox 688 2537 718 2574; x_wconf 87' lang='lat' dir='ltr'>ac</span> <span class='ocrx_word' id='word_1_282' title='bbox 736 2520 823 2574; x_wconf 81' lang='lat' dir='ltr'>bomo·</span> <span class='ocrx_word' id='word_1_283' title='bbox 841 2519 876 2574; x_wconf 85' lang='lat' dir='ltr'>Et</span> <span class='ocrx_word' id='word_1_284' title='bbox 892 2521 995 2590; x_wconf 80' lang='lat' dir='ltr'>legisla-</span> 
     </span>
     <span class='ocr_line' id='line_1_29' title="bbox 179 2605 996 2678; baseline -0.002 -18"><span class='ocrx_word' id='word_1_285' title='bbox 179 2617 251 2662; x_wconf 87' lang='lat' dir='ltr'>tores</span> <span class='ocrx_word' id='word_1_286' title='bbox 267 2607 355 2678; x_wconf 88' lang='lat' dir='ltr'>potins</span> <span class='ocrx_word' id='word_1_287' title='bbox 375 2607 517 2662; x_wconf 70' lang='lat' dir='ltr'>facilitatis</span> <span class='ocrx_word' id='word_1_288' title='bbox 542 2609 663 2662; x_wconf 88' lang='lat' dir='ltr'>mulieris</span> <span class='ocrx_word' id='word_1_289' title='bbox 680 2616 805 2662; x_wconf 77' lang='lat' dir='ltr'>unctores</span> <span class='ocrx_word' id='word_1_290' title='bbox 823 2605 996 2672; x_wconf 79' lang='lat' dir='ltr'>aestimandi,</span> 
     </span>
     <span class='ocr_line' id='line_1_30' title="bbox 180 2689 997 2764; baseline -0.005 -18"><span class='ocrx_word' id='word_1_291' title='bbox 180 2707 314 2746; x_wconf 84' lang='lat' dir='ltr'>censentes</span> <span class='ocrx_word' id='word_1_292' title='bbox 334 2693 433 2764; x_wconf 83' lang='lat' dir='ltr'>quippe</span> <span class='ocrx_word' id='word_1_293' title='bbox 452 2691 504 2763; x_wconf 90' lang='lat' dir='ltr'>ipsi</span> <span class='ocrx_word' id='word_1_294' title='bbox 525 2707 646 2746; x_wconf 84' lang='lat' dir='ltr'>concessa</span> <span class='ocrx_word' id='word_1_295' title='bbox 665 2692 835 2762; x_wconf 83' lang='lat' dir='ltr'>exceptione,</span> <span class='ocrx_word' id='word_1_296' title='bbox 850 2689 919 2760; x_wconf 87' lang='lat' dir='ltr'>quod</span> <span class='ocrx_word' id='word_1_297' title='bbox 939 2707 997 2742; x_wconf 87' lang='lat' dir='ltr'>mu·</span> 
     </span>
     <span class='ocr_line' id='line_1_31' title="bbox 175 2773 996 2845; baseline 0.001 -19"><span class='ocrx_word' id='word_1_298' title='bbox 175 2776 258 2828; x_wconf 89' lang='lat' dir='ltr'>lieres</span> <span class='ocrx_word' id='word_1_299' title='bbox 276 2775 387 2829; x_wconf 89' lang='lat' dir='ltr'>alienam</span> <span class='ocrx_word' id='word_1_300' title='bbox 406 2776 594 2845; x_wconf 75' lang='lat' dir='ltr'>obligationem</span> <span class='ocrx_word' id='word_1_301' title='bbox 614 2774 775 2845; x_wconf 87' lang='lat' dir='ltr'>suscipiendi</span> <span class='ocrx_word' id='word_1_302' title='bbox 793 2773 911 2827; x_wconf 84' lang='lat' dir='ltr'>existunt</span> <span class='ocrx_word' id='word_1_303' title='bbox 933 2791 996 2841; x_wconf 82' lang='lat' dir='ltr'>pre·</span> 
     </span>
     <span class='ocr_line' id='line_1_32' title="bbox 178 2856 996 2930; baseline -0.009 -16"><span class='ocrx_word' id='word_1_304' title='bbox 178 2879 243 2914; x_wconf 87' lang='lat' dir='ltr'>noe.</span> <span class='ocrx_word' id='word_1_305' title='bbox 261 2860 361 2914; x_wconf 83' lang='lat' dir='ltr'>lilerito</span> <span class='ocrx_word' id='word_1_306' title='bbox 378 2859 465 2929; x_wconf 78' lang='lat' dir='ltr'>itaque</span> <span class='ocrx_word' id='word_1_307' title='bbox 484 2861 558 2913; x_wconf 86' lang='lat' dir='ltr'>illam</span> <span class='ocrx_word' id='word_1_308' title='bbox 578 2859 702 2913; x_wconf 88' lang='lat' dir='ltr'>rationem</span> <span class='ocrx_word' id='word_1_309' title='bbox 724 2856 901 2930; x_wconf 84' lang='lat' dir='ltr'>postposuisse</span> <span class='ocrx_word' id='word_1_310' title='bbox 917 2856 996 2911; x_wconf 76' lang='lat' dir='ltr'>sesti·</span> 
     </span>
     <span class='ocr_line' id='line_1_33' title="bbox 141 2941 998 3014; baseline -0.004 -16"><span class='ocrx_word' id='word_1_311' title='bbox 141 2941 146 2944; x_wconf 73' lang='grc'><strong>’</strong></span> <span class='ocrx_word' id='word_1_312' title='bbox 180 2947 293 3000; x_wconf 82' lang='lat' dir='ltr'>mondus</span> <span class='ocrx_word' id='word_1_313' title='bbox 312 2955 350 2998; x_wconf 88' lang='lat' dir='ltr'>est</span> <span class='ocrx_word' id='word_1_314' title='bbox 370 2943 523 3014; x_wconf 90' lang='lat' dir='ltr'>imperator.</span> <span class='ocrx_word' id='word_1_315' title='bbox 535 2943 623 2998; x_wconf 85' lang='lat' dir='ltr'>Testis</span> <span class='ocrx_word' id='word_1_316' title='bbox 634 2941 762 2996; x_wconf 75' lang='lat' dir='ltr'>murenis</span> <span class='ocrx_word' id='word_1_317' title='bbox 774 2943 998 3010; x_wconf 88' lang='lat' dir='ltr'>restatquaestie,</span> 
     </span>
     <span class='ocr_line' id='line_1_34' title="bbox 180 3025 995 3096; baseline -0.005 -13"><span class='ocrx_word' id='word_1_318' title='bbox 180 3049 212 3084; x_wconf 89' lang='grc' dir='ltr'>ιι</span> <span class='ocrx_word' id='word_1_319' title='bbox 232 3030 328 3083; x_wconf 82' lang='lat' dir='ltr'>molier</span> <span class='ocrx_word' id='word_1_320' title='bbox 344 3047 396 3096; x_wconf 84' lang='lat' dir='ltr'>pro</span> <span class='ocrx_word' id='word_1_321' title='bbox 417 3028 516 3081; x_wconf 86' lang='lat' dir='ltr'>morito</span> <span class='ocrx_word' id='word_1_322' title='bbox 537 3028 704 3081; x_wconf 89' lang='lat' dir='ltr'>intercedens</span> <span class='ocrx_word' id='word_1_323' title='bbox 725 3036 777 3080; x_wconf 90' lang='lat' dir='ltr'>tuta</span> <span class='ocrx_word' id='word_1_324' title='bbox 797 3027 833 3079; x_wconf 90' lang='lat' dir='ltr'>sit</span> <span class='ocrx_word' id='word_1_325' title='bbox 848 3025 908 3096; x_wconf 90' lang='lat' dir='ltr'>ipso</span> <span class='ocrx_word' id='word_1_326' title='bbox 924 3028 995 3095; x_wconf 86' lang='lat' dir='ltr'>jure,</span> 
     </span>
     <span class='ocr_line' id='line_1_35' title="bbox 180 3107 997 3186; baseline -0.01 -17"><span class='ocrx_word' id='word_1_327' title='bbox 180 3133 213 3169; x_wconf 89' lang='lat' dir='ltr'>en</span> <span class='ocrx_word' id='word_1_328' title='bbox 233 3116 347 3186; x_wconf 81' lang='lat' dir='ltr'>peracti</span> <span class='ocrx_word' id='word_1_329' title='bbox 367 3107 569 3181; x_wconf 75' lang='lat' dir='ltr'>exceptionem?</span> <span class='ocrx_word' id='word_1_330' title='bbox 588 3109 663 3180; x_wconf 81' lang='lat' dir='ltr'>Qrsod</span> <span class='ocrx_word' id='word_1_331' title='bbox 687 3111 729 3177; x_wconf 85' lang='lat' dir='ltr'>jus</span> <span class='ocrx_word' id='word_1_332' title='bbox 752 3107 936 3178; x_wconf 86' lang='lat' dir='ltr'>pandectarum</span> <span class='ocrx_word' id='word_1_333' title='bbox 962 3118 997 3161; x_wconf 91' lang='lat' dir='ltr'>at·</span> 
     </span>
     <span class='ocr_line' id='line_1_36' title="bbox 183 3191 998 3267; baseline -0.007 -18"><span class='ocrx_word' id='word_1_334' title='bbox 183 3199 250 3251; x_wconf 90' lang='lat' dir='ltr'>tinet</span> <span class='ocrx_word' id='word_1_335' title='bbox 261 3230 271 3263; x_wconf 89' lang='lat'>,·</span> <span class='ocrx_word' id='word_1_336' title='bbox 286 3197 409 3267; x_wconf 80' lang='lat' dir='ltr'>qtreuiam</span> <span class='ocrx_word' id='word_1_337' title='bbox 425 3196 447 3247; x_wconf 86' lang='lat' dir='ltr'>i.</span> <span class='ocrx_word' id='word_1_338' title='bbox 466 3192 543 3264; x_wconf 81' lang='grc' dir='ltr'>1.Ι.</span> <span class='ocrx_word' id='word_1_339' title='bbox 564 3195 601 3248; x_wconf 85' lang='lat' dir='ltr'>nd</span> <span class='ocrx_word' id='word_1_340' title='bbox 614 3210 650 3246; x_wconf 86' lang='lat' dir='ltr'>sc.</span> <span class='ocrx_word' id='word_1_341' title='bbox 669 3193 753 3262; x_wconf 77' lang='lat' dir='ltr'>relies.</span> <span class='ocrx_word' id='word_1_342' title='bbox 780 3192 892 3256; x_wconf 87' lang='lat' dir='ltr'>dicitur,</span> <span class='ocrx_word' id='word_1_343' title='bbox 914 3191 998 3263; x_wconf 82' lang='lat' dir='ltr'>boga·</span> 
     </span>
     <span class='ocr_line' id='line_1_37' title="bbox 178 3275 996 3350; baseline -0.007 -17"><span class='ocrx_word' id='word_1_344' title='bbox 178 3289 251 3334; x_wconf 88' lang='lat' dir='ltr'>etum</span> <span class='ocrx_word' id='word_1_345' title='bbox 270 3281 452 3350; x_wconf 73' lang='lat' dir='ltr'>imperatorem</span> <span class='ocrx_word' id='word_1_346' title='bbox 479 3276 618 3331; x_wconf 90' lang='lat' dir='ltr'>interdicto</span> <span class='ocrx_word' id='word_1_347' title='bbox 642 3275 757 3328; x_wconf 73' lang='lat' dir='ltr'>vetuisse</span> <span class='ocrx_word' id='word_1_348' title='bbox 775 3275 939 3330; x_wconf 75' lang='lat' dir='ltr'>,mulieribus</span> <span class='ocrx_word' id='word_1_349' title='bbox 956 3277 996 3328; x_wconf 93' lang='lat' dir='ltr'>iu-</span> 
     </span>
     <span class='ocr_line' id='line_1_38' title="bbox 179 3359 999 3431; baseline -0.005 -15"><span class='ocrx_word' id='word_1_350' title='bbox 179 3363 366 3416; x_wconf 84' lang='lat' dir='ltr'>terccssionem</span> <span class='ocrx_word' id='word_1_351' title='bbox 390 3377 444 3428; x_wconf 82' lang='lat' dir='ltr'>pro</span> <span class='ocrx_word' id='word_1_352' title='bbox 466 3361 586 3424; x_wconf 82' lang='lat' dir='ltr'>morito,</span> <span class='ocrx_word' id='word_1_353' title='bbox 606 3359 809 3430; x_wconf 80' lang='lat' dir='ltr'>principumque</span> <span class='ocrx_word' id='word_1_354' title='bbox 832 3360 935 3431; x_wconf 83' lang='lat' dir='ltr'>placitu</span> <span class='ocrx_word' id='word_1_355' title='bbox 952 3375 999 3430; x_wconf 89' lang='lat' dir='ltr'>per</span> 
     </span>
     <span class='ocr_line' id='line_1_39' title="bbox 178 3440 996 3516; baseline -0.002 -18"><span class='ocrx_word' id='word_1_356' title='bbox 178 3445 201 3500; x_wconf 87' lang='lat' dir='ltr'>i.</span> <span class='ocrx_word' id='word_1_357' title='bbox 221 3446 246 3496; x_wconf 74' lang='grc'>2.</span> <span class='ocrx_word' id='word_1_358' title='bbox 264 3442 288 3516; x_wconf 98' lang='lat'>5.</span> <span class='ocrx_word' id='word_1_359' title='bbox 308 3446 351 3494; x_wconf 82' lang='lat' dir='ltr'>il.</span> <span class='ocrx_word' id='word_1_360' title='bbox 359 3440 401 3512; x_wconf 94' lang='grc' dir='ltr'><em>Ι</em></span> <span class='ocrx_word' id='word_1_361' title='bbox 426 3444 458 3495; x_wconf 86' lang='lat' dir='ltr'>de</span> <span class='ocrx_word' id='word_1_362' title='bbox 479 3442 586 3512; x_wconf 73' lang='lat' dir='ltr'>origine</span> <span class='ocrx_word' id='word_1_363' title='bbox 600 3441 692 3514; x_wconf 84' lang='lat' dir='ltr'>juris,</span> <span class='ocrx_word' id='word_1_364' title='bbox 712 3444 780 3513; x_wconf 82' lang='lat' dir='ltr'>leges</span> <span class='ocrx_word' id='word_1_365' title='bbox 794 3453 879 3511; x_wconf 75' lang='lat' dir='ltr'>sunt,</span> <span class='ocrx_word' id='word_1_366' title='bbox 905 3447 945 3513; x_wconf 84' lang='lat' dir='ltr'>jes</span> <span class='ocrx_word' id='word_1_367' title='bbox 963 3459 996 3497; x_wconf 83' lang='lat' dir='ltr'>sc.</span> 
     </span>
    </p>
   </div>
   <div class='ocr_carea' id='block_1_5' title="bbox 1047 1339 1875 3515">
    <p class='ocr_par' dir='ltr' id='par_1_5' title="bbox 1047 1339 1875 3515">
     <span class='ocr_line' id='line_1_40' title="bbox 1051 1339 1870 1418; baseline 0.026 -26"><span class='ocrx_word' id='word_1_368' title='bbox 1051 1339 1159 1394; x_wconf 82' lang='lat' dir='ltr'>slerandi</span> <span class='ocrx_word' id='word_1_369' title='bbox 1176 1341 1286 1397; x_wconf 82' lang='lat' dir='ltr'>incultas</span> <span class='ocrx_word' id='word_1_370' title='bbox 1302 1357 1448 1415; x_wconf 85' lang='lat' dir='ltr'>competere</span> <span class='ocrx_word' id='word_1_371' title='bbox 1466 1349 1561 1418; x_wconf 87' lang='lat' dir='ltr'>potuit.</span> <span class='ocrx_word' id='word_1_372' title='bbox 1579 1349 1677 1404; x_wconf 78' lang='lat' dir='ltr'>Eadem</span> <span class='ocrx_word' id='word_1_373' title='bbox 1698 1356 1800 1411; x_wconf 84' lang='lat' dir='ltr'>retione</span> <span class='ocrx_word' id='word_1_374' title='bbox 1813 1376 1870 1412; x_wconf 88' lang='lat' dir='ltr'>ere·</span> 
     </span>
     <span class='ocr_line' id='line_1_41' title="bbox 1052 1427 1870 1497; baseline 0.022 -19"><span class='ocrx_word' id='word_1_375' title='bbox 1052 1427 1110 1480; x_wconf 87' lang='lat' dir='ltr'>nire</span> <span class='ocrx_word' id='word_1_376' title='bbox 1135 1436 1212 1497; x_wconf 84' lang='lat' dir='ltr'>putu,</span> <span class='ocrx_word' id='word_1_377' title='bbox 1237 1427 1305 1496; x_wconf 79' lang='lat' dir='ltr'>qssod</span> <span class='ocrx_word' id='word_1_378' title='bbox 1327 1430 1379 1483; x_wconf 90' lang='lat' dir='ltr'>lite</span> <span class='ocrx_word' id='word_1_379' title='bbox 1403 1442 1545 1486; x_wconf 84' lang='lat' dir='ltr'>contestata</span> <span class='ocrx_word' id='word_1_380' title='bbox 1571 1431 1600 1484; x_wconf 91' lang='lat' dir='ltr'>in</span> <span class='ocrx_word' id='word_1_381' title='bbox 1627 1437 1777 1492; x_wconf 78' lang='lat' dir='ltr'>uniuersum</span> <span class='ocrx_word' id='word_1_382' title='bbox 1796 1457 1870 1496; x_wconf 82' lang='lat' dir='ltr'>exce·</span> 
     </span>
     <span class='ocr_line' id='line_1_42' title="bbox 1052 1511 1869 1595; baseline 0.021 -33"><span class='ocrx_word' id='word_1_383' title='bbox 1052 1511 1171 1582; x_wconf 90' lang='lat' dir='ltr'>ptiouem</span> <span class='ocrx_word' id='word_1_384' title='bbox 1190 1512 1302 1581; x_wconf 74' lang='lat' dir='ltr'>allegare</span> <span class='ocrx_word' id='word_1_385' title='bbox 1319 1530 1371 1566; x_wconf 89' lang='lat' dir='ltr'>non</span> <span class='ocrx_word' id='word_1_386' title='bbox 1387 1515 1475 1569; x_wconf 79' lang='lat' dir='ltr'>licent.</span> <span class='ocrx_word' id='word_1_387' title='bbox 1497 1517 1563 1568; x_wconf 78' lang='lat' dir='ltr'>llam</span> <span class='ocrx_word' id='word_1_388' title='bbox 1586 1519 1609 1571; x_wconf 87' lang='lat' dir='ltr'>si</span> <span class='ocrx_word' id='word_1_389' title='bbox 1637 1523 1777 1576; x_wconf 74' lang='lat' dir='ltr'>committe</span> <span class='ocrx_word' id='word_1_390' title='bbox 1796 1526 1869 1595; x_wconf 83' lang='lat' dir='ltr'>igno·</span> 
     </span>
     <span class='ocr_line' id='line_1_43' title="bbox 1054 1597 1870 1676; baseline 0.023 -30"><span class='ocrx_word' id='word_1_391' title='bbox 1054 1597 1138 1648; x_wconf 91' lang='lat' dir='ltr'>rantie</span> <span class='ocrx_word' id='word_1_392' title='bbox 1160 1598 1229 1666; x_wconf 72' lang='lat' dir='ltr'>iuris</span> <span class='ocrx_word' id='word_1_393' title='bbox 1267 1597 1356 1652; x_wconf 85' lang='lat' dir='ltr'>eadem</span> <span class='ocrx_word' id='word_1_394' title='bbox 1385 1600 1430 1651; x_wconf 87' lang='lat' dir='ltr'>tali</span> <span class='ocrx_word' id='word_1_395' title='bbox 1459 1615 1518 1654; x_wconf 84' lang='lat' dir='ltr'>casu</span> <span class='ocrx_word' id='word_1_396' title='bbox 1545 1620 1597 1656; x_wconf 91' lang='lat' dir='ltr'>non</span> <span class='ocrx_word' id='word_1_397' title='bbox 1621 1603 1688 1656; x_wconf 89' lang='lat' dir='ltr'>ieret</span> <span class='ocrx_word' id='word_1_398' title='bbox 1707 1609 1870 1676; x_wconf 71' lang='lat' dir='ltr'>mulctandi,</span> 
     </span>
     <span class='ocr_line' id='line_1_44' title="bbox 1053 1677 1871 1759; baseline 0.028 -33"><span class='ocrx_word' id='word_1_399' title='bbox 1053 1677 1114 1759; x_wconf 86' lang='lat' dir='ltr'>quie</span> <span class='ocrx_word' id='word_1_400' title='bbox 1133 1678 1280 1748; x_wconf 72' lang='lat' dir='ltr'>ignorantie</span> <span class='ocrx_word' id='word_1_401' title='bbox 1293 1679 1372 1748; x_wconf 76' lang='lat' dir='ltr'>buiris</span> <span class='ocrx_word' id='word_1_402' title='bbox 1389 1681 1417 1734; x_wconf 91' lang='lat' dir='ltr'>in</span> <span class='ocrx_word' id='word_1_403' title='bbox 1431 1699 1458 1734; x_wconf 93' lang='lat' dir='ltr'>re</span> <span class='ocrx_word' id='word_1_404' title='bbox 1476 1685 1571 1737; x_wconf 70' lang='lat' dir='ltr'>antisse</span> <span class='ocrx_word' id='word_1_405' title='bbox 1585 1689 1758 1758; x_wconf 72' lang='lat' dir='ltr'>recuperanda</span> <span class='ocrx_word' id='word_1_406' title='bbox 1772 1701 1871 1748; x_wconf 86' lang='lat' dir='ltr'>tantum</span> 
     </span>
     <span class='ocr_line' id='line_1_45' title="bbox 1054 1763 1872 1836; baseline 0.017 -22"><span class='ocrx_word' id='word_1_407' title='bbox 1054 1778 1107 1814; x_wconf 86' lang='lat' dir='ltr'>non</span> <span class='ocrx_word' id='word_1_408' title='bbox 1127 1763 1245 1832; x_wconf 85' lang='lat' dir='ltr'>prodest,</span> <span class='ocrx_word' id='word_1_409' title='bbox 1263 1763 1302 1815; x_wconf 88' lang='lat' dir='ltr'>uti</span> <span class='ocrx_word' id='word_1_410' title='bbox 1316 1764 1338 1816; x_wconf 86' lang='lat' dir='ltr'>si</span> <span class='ocrx_word' id='word_1_411' title='bbox 1357 1765 1422 1834; x_wconf 86' lang='lat' dir='ltr'>quid</span> <span class='ocrx_word' id='word_1_412' title='bbox 1444 1765 1593 1820; x_wconf 79' lang='lat' dir='ltr'>indebitum</span> <span class='ocrx_word' id='word_1_413' title='bbox 1611 1772 1801 1836; x_wconf 82' lang='lat' dir='ltr'>solutum,eut</span> <span class='ocrx_word' id='word_1_414' title='bbox 1813 1793 1872 1828; x_wconf 90' lang='lat' dir='ltr'>usu·</span> 
     </span>
     <span class='ocr_line' id='line_1_46' title="bbox 1054 1846 1871 1916; baseline 0.018 -17"><span class='ocrx_word' id='word_1_415' title='bbox 1054 1846 1129 1916; x_wconf 87' lang='lat' dir='ltr'>cepio</span> <span class='ocrx_word' id='word_1_416' title='bbox 1154 1846 1310 1916; x_wconf 74' lang='lat' dir='ltr'>contigerit3</span> <span class='ocrx_word' id='word_1_417' title='bbox 1327 1849 1359 1901; x_wconf 87' lang='lat' dir='ltr'>in</span> <span class='ocrx_word' id='word_1_418' title='bbox 1385 1865 1414 1901; x_wconf 90' lang='lat' dir='ltr'>re</span> <span class='ocrx_word' id='word_1_419' title='bbox 1439 1849 1584 1904; x_wconf 86' lang='lat' dir='ltr'>amittenda</span> <span class='ocrx_word' id='word_1_420' title='bbox 1608 1861 1695 1907; x_wconf 88' lang='lat' dir='ltr'>autem</span> <span class='ocrx_word' id='word_1_421' title='bbox 1716 1874 1768 1910; x_wconf 92' lang='lat' dir='ltr'>non</span> <span class='ocrx_word' id='word_1_422' title='bbox 1787 1871 1871 1913; x_wconf 83' lang='lat' dir='ltr'>nocet.</span> 
     </span>
     <span class='ocr_line' id='line_1_47' title="bbox 1054 1930 1870 2010; baseline 0.013 -27"><span class='ocrx_word' id='word_1_423' title='bbox 1054 1930 1128 1983; x_wconf 87' lang='lat' dir='ltr'>Talis</span> <span class='ocrx_word' id='word_1_424' title='bbox 1144 1948 1219 1984; x_wconf 88' lang='lat' dir='ltr'>cesus</span> <span class='ocrx_word' id='word_1_425' title='bbox 1237 1931 1431 2002; x_wconf 81' lang='lat' dir='ltr'>contigeret,si</span> <span class='ocrx_word' id='word_1_426' title='bbox 1450 1943 1541 1988; x_wconf 88' lang='lat' dir='ltr'>eontra</span> <span class='ocrx_word' id='word_1_427' title='bbox 1560 1937 1673 2007; x_wconf 86' lang='lat' dir='ltr'>sliqnem</span> <span class='ocrx_word' id='word_1_428' title='bbox 1694 1941 1870 2010; x_wconf 81' lang='lat' dir='ltr'>pronuncian-</span> 
     </span>
     <span class='ocr_line' id='line_1_48' title="bbox 1053 2011 1871 2085; baseline 0.02 -23"><span class='ocrx_word' id='word_1_429' title='bbox 1053 2011 1133 2076; x_wconf 87' lang='lat' dir='ltr'>dum,</span> <span class='ocrx_word' id='word_1_430' title='bbox 1150 2013 1194 2083; x_wconf 82' lang='lat' dir='ltr'>qui</span> <span class='ocrx_word' id='word_1_431' title='bbox 1213 2017 1396 2085; x_wconf 79' lang='lat' dir='ltr'>exceptionem</span> <span class='ocrx_word' id='word_1_432' title='bbox 1418 2033 1473 2070; x_wconf 90' lang='lat' dir='ltr'>non</span> <span class='ocrx_word' id='word_1_433' title='bbox 1491 2029 1644 2073; x_wconf 87' lang='lat' dir='ltr'>contestatus</span> <span class='ocrx_word' id='word_1_434' title='bbox 1660 2019 1757 2077; x_wconf 81' lang='lat' dir='ltr'>iuerat.</span> <span class='ocrx_word' id='word_1_435' title='bbox 1769 2024 1829 2080; x_wconf 86' lang='lat' dir='ltr'>ttoo</span> <span class='ocrx_word' id='word_1_436' title='bbox 1849 2031 1871 2078; x_wconf 68' lang='lat' dir='ltr'>i:</span> 
     </span>
     <span class='ocr_line' id='line_1_49' title="bbox 1052 2097 1869 2174; baseline 0.017 -26"><span class='ocrx_word' id='word_1_437' title='bbox 1052 2097 1125 2167; x_wconf 83' lang='lat' dir='ltr'>gitur</span> <span class='ocrx_word' id='word_1_438' title='bbox 1144 2097 1171 2148; x_wconf 91' lang='lat' dir='ltr'>in</span> <span class='ocrx_word' id='word_1_439' title='bbox 1191 2114 1303 2168; x_wconf 85' lang='lat' dir='ltr'>poenam</span> <span class='ocrx_word' id='word_1_440' title='bbox 1330 2097 1492 2168; x_wconf 88' lang='lat' dir='ltr'>ignorantiae</span> <span class='ocrx_word' id='word_1_441' title='bbox 1513 2101 1581 2170; x_wconf 81' lang='lat' dir='ltr'>juris</span> <span class='ocrx_word' id='word_1_442' title='bbox 1606 2102 1634 2154; x_wconf 93' lang='lat' dir='ltr'>id</span> <span class='ocrx_word' id='word_1_443' title='bbox 1660 2114 1804 2174; x_wconf 89' lang='lat' dir='ltr'>ststotnm,</span> <span class='ocrx_word' id='word_1_444' title='bbox 1825 2111 1869 2162; x_wconf 86' lang='lat' dir='ltr'>sed</span> 
     </span>
     <span class='ocr_line' id='line_1_50' title="bbox 1052 2179 1871 2263; baseline 0.015 -31"><span class='ocrx_word' id='word_1_445' title='bbox 1052 2180 1114 2250; x_wconf 87' lang='lat' dir='ltr'>quie</span> <span class='ocrx_word' id='word_1_446' title='bbox 1131 2179 1235 2250; x_wconf 81' lang='lat' dir='ltr'>jndicio</span> <span class='ocrx_word' id='word_1_447' title='bbox 1252 2191 1365 2252; x_wconf 84' lang='lat' dir='ltr'>potestas</span> <span class='ocrx_word' id='word_1_448' title='bbox 1385 2182 1511 2253; x_wconf 89' lang='lat' dir='ltr'>praecisa.</span> <span class='ocrx_word' id='word_1_449' title='bbox 1523 2185 1558 2237; x_wconf 87' lang='lat' dir='ltr'>Et</span> <span class='ocrx_word' id='word_1_450' title='bbox 1570 2185 1606 2238; x_wconf 88' lang='lat' dir='ltr'>ob</span> <span class='ocrx_word' id='word_1_451' title='bbox 1624 2186 1651 2238; x_wconf 89' lang='lat' dir='ltr'>id</span> <span class='ocrx_word' id='word_1_452' title='bbox 1672 2189 1769 2245; x_wconf 88' lang='lat' dir='ltr'>mulier</span> <span class='ocrx_word' id='word_1_453' title='bbox 1787 2193 1871 2263; x_wconf 86' lang='lat' dir='ltr'>priri-</span> 
     </span>
     <span class='ocr_line' id='line_1_51' title="bbox 1048 2264 1870 2342; baseline 0.019 -29"><span class='ocrx_word' id='word_1_454' title='bbox 1048 2264 1117 2335; x_wconf 84' lang='lat' dir='ltr'>lsgio</span> <span class='ocrx_word' id='word_1_455' title='bbox 1142 2265 1191 2318; x_wconf 87' lang='lat' dir='ltr'>hoc</span> <span class='ocrx_word' id='word_1_456' title='bbox 1217 2281 1278 2318; x_wconf 88' lang='lat' dir='ltr'>casn</span> <span class='ocrx_word' id='word_1_457' title='bbox 1306 2283 1357 2318; x_wconf 91' lang='lat' dir='ltr'>non</span> <span class='ocrx_word' id='word_1_458' title='bbox 1382 2265 1524 2334; x_wconf 82' lang='lat' dir='ltr'>jnmbitur.</span> <span class='ocrx_word' id='word_1_459' title='bbox 1549 2268 1753 2342; x_wconf 85' lang='lat' dir='ltr'>compensatum</span> <span class='ocrx_word' id='word_1_460' title='bbox 1782 2285 1870 2328; x_wconf 90' lang='lat' dir='ltr'>tamen</span> 
     </span>
     <span class='ocr_line' id='line_1_52' title="bbox 1048 2347 1870 2427; baseline 0.018 -29"><span class='ocrx_word' id='word_1_461' title='bbox 1048 2347 1173 2402; x_wconf 84' lang='lat' dir='ltr'>damnem</span> <span class='ocrx_word' id='word_1_462' title='bbox 1192 2349 1355 2420; x_wconf 71' lang='lat' dir='ltr'>exceptionis</span> <span class='ocrx_word' id='word_1_463' title='bbox 1375 2361 1434 2420; x_wconf 88' lang='lat' dir='ltr'>poet</span> <span class='ocrx_word' id='word_1_464' title='bbox 1451 2349 1470 2400; x_wconf 87' lang='lat' dir='ltr'>l.</span> <span class='ocrx_word' id='word_1_465' title='bbox 1494 2369 1518 2402; x_wconf 82' lang='lat' dir='ltr'>c.</span> <span class='ocrx_word' id='word_1_466' title='bbox 1537 2368 1591 2404; x_wconf 88' lang='lat' dir='ltr'>uon</span> <span class='ocrx_word' id='word_1_467' title='bbox 1615 2353 1782 2422; x_wconf 83' lang='lat' dir='ltr'>allegandae,</span> <span class='ocrx_word' id='word_1_468' title='bbox 1799 2361 1870 2427; x_wconf 83' lang='lat' dir='ltr'>quod</span> 
     </span>
     <span class='ocr_line' id='line_1_53' title="bbox 1047 2432 1872 2508; baseline 0.01 -22"><span class='ocrx_word' id='word_1_469' title='bbox 1047 2434 1228 2504; x_wconf 77' lang='lat' dir='ltr'>exceptionem</span> <span class='ocrx_word' id='word_1_470' title='bbox 1256 2451 1292 2486; x_wconf 82' lang='lat' dir='ltr'>sc·</span> <span class='ocrx_word' id='word_1_471' title='bbox 1311 2432 1396 2500; x_wconf 82' lang='lat' dir='ltr'>rellei.</span> <span class='ocrx_word' id='word_1_472' title='bbox 1416 2443 1440 2487; x_wconf 88' lang='lat' dir='ltr'>et</span> <span class='ocrx_word' id='word_1_473' title='bbox 1464 2436 1563 2487; x_wconf 87' lang='lat' dir='ltr'>maced.</span> <span class='ocrx_word' id='word_1_474' title='bbox 1583 2437 1612 2488; x_wconf 88' lang='lat' dir='ltr'>in</span> <span class='ocrx_word' id='word_1_475' title='bbox 1643 2438 1700 2508; x_wconf 88' lang='lat' dir='ltr'>ipsa</span> <span class='ocrx_word' id='word_1_476' title='bbox 1719 2441 1872 2495; x_wconf 75' lang='lat' dir='ltr'>executione</span> 
     </span>
     <span class='ocr_line' id='line_1_54' title="bbox 1048 2516 1871 2592; baseline 0.013 -24"><span class='ocrx_word' id='word_1_477' title='bbox 1048 2517 1125 2570; x_wconf 82' lang='lat' dir='ltr'>licent</span> <span class='ocrx_word' id='word_1_478' title='bbox 1144 2518 1262 2588; x_wconf 80' lang='lat' dir='ltr'>allegare.</span> <span class='ocrx_word' id='word_1_479' title='bbox 1281 2516 1341 2569; x_wconf 84' lang='lat' dir='ltr'>Non</span> <span class='ocrx_word' id='word_1_480' title='bbox 1359 2528 1444 2571; x_wconf 87' lang='lat' dir='ltr'>temen</span> <span class='ocrx_word' id='word_1_481' title='bbox 1460 2519 1497 2570; x_wconf 91' lang='lat' dir='ltr'>cb</span> <span class='ocrx_word' id='word_1_482' title='bbox 1516 2518 1564 2572; x_wconf 85' lang='lat' dir='ltr'>buc</span> <span class='ocrx_word' id='word_1_483' title='bbox 1583 2517 1638 2572; x_wconf 87' lang='lat' dir='ltr'>dici</span> <span class='ocrx_word' id='word_1_484' title='bbox 1658 2523 1755 2592; x_wconf 88' lang='lat' dir='ltr'>poterit</span> <span class='ocrx_word' id='word_1_485' title='bbox 1774 2526 1871 2579; x_wconf 85' lang='lat' dir='ltr'>mulier</span> 
     </span>
     <span class='ocr_line' id='line_1_55' title="bbox 1047 2601 1873 2678; baseline 0.01 -24"><span class='ocrx_word' id='word_1_486' title='bbox 1047 2611 1110 2672; x_wconf 86' lang='lat' dir='ltr'>post</span> <span class='ocrx_word' id='word_1_487' title='bbox 1136 2601 1211 2656; x_wconf 87' lang='lat' dir='ltr'>litem</span> <span class='ocrx_word' id='word_1_488' title='bbox 1234 2604 1629 2672; x_wconf 78' lang='lat' dir='ltr'>contestatam-exceptionem</span> <span class='ocrx_word' id='word_1_489' title='bbox 1657 2607 1806 2674; x_wconf 89' lang='lat' dir='ltr'>opponendi</span> <span class='ocrx_word' id='word_1_490' title='bbox 1829 2613 1873 2678; x_wconf 79' lang='lat' dir='ltr'>jns</span> 
     </span>
     <span class='ocr_line' id='line_1_56' title="bbox 1048 2685 1871 2761; baseline 0.007 -23"><span class='ocrx_word' id='word_1_491' title='bbox 1048 2686 1156 2757; x_wconf 85' lang='lat' dir='ltr'>ndeptr.</span> <span class='ocrx_word' id='word_1_492' title='bbox 1176 2687 1266 2755; x_wconf 85' lang='lat' dir='ltr'>sicque</span> <span class='ocrx_word' id='word_1_493' title='bbox 1296 2703 1346 2738; x_wconf 94' lang='lat' dir='ltr'>una</span> <span class='ocrx_word' id='word_1_494' title='bbox 1370 2685 1410 2738; x_wconf 86' lang='lat' dir='ltr'>rin</span> <span class='ocrx_word' id='word_1_495' title='bbox 1434 2703 1601 2751; x_wconf 87' lang='lat' dir='ltr'>concassum,</span> <span class='ocrx_word' id='word_1_496' title='bbox 1620 2687 1688 2756; x_wconf 88' lang='lat' dir='ltr'>quod</span> <span class='ocrx_word' id='word_1_497' title='bbox 1707 2687 1791 2758; x_wconf 90' lang='lat' dir='ltr'>priori</span> <span class='ocrx_word' id='word_1_498' title='bbox 1809 2707 1871 2761; x_wconf 90' lang='lat' dir='ltr'>pro-</span> 
     </span>
     <span class='ocr_line' id='line_1_57' title="bbox 1049 2767 1868 2840; baseline 0.009 -21"><span class='ocrx_word' id='word_1_499' title='bbox 1049 2768 1175 2822; x_wconf 81' lang='lat' dir='ltr'>hibitum.</span> <span class='ocrx_word' id='word_1_500' title='bbox 1194 2767 1268 2836; x_wconf 76' lang='lat' dir='ltr'>Quae</span> <span class='ocrx_word' id='word_1_501' title='bbox 1293 2768 1365 2820; x_wconf 87' lang='lat' dir='ltr'>enim</span> <span class='ocrx_word' id='word_1_502' title='bbox 1390 2769 1462 2822; x_wconf 85' lang='lat' dir='ltr'>licita</span> <span class='ocrx_word' id='word_1_503' title='bbox 1480 2777 1541 2840; x_wconf 84' lang='lat' dir='ltr'>pest</span> <span class='ocrx_word' id='word_1_504' title='bbox 1566 2771 1726 2836; x_wconf 72' lang='lat' dir='ltr'>cernentium</span> <span class='ocrx_word' id='word_1_505' title='bbox 1754 2771 1868 2840; x_wconf 83' lang='lat' dir='ltr'>judicis,</span> 
     </span>
     <span class='ocr_line' id='line_1_58' title="bbox 1049 2851 1870 2930; baseline 0.006 -22"><span class='ocrx_word' id='word_1_506' title='bbox 1049 2871 1103 2908; x_wconf 90' lang='grc' dir='ltr'>ιιι</span> <span class='ocrx_word' id='word_1_507' title='bbox 1124 2853 1177 2905; x_wconf 85' lang='lat' dir='ltr'>dici</span> <span class='ocrx_word' id='word_1_508' title='bbox 1196 2865 1307 2924; x_wconf 87' lang='lat' dir='ltr'>possunt</span> <span class='ocrx_word' id='word_1_509' title='bbox 1325 2851 1385 2907; x_wconf 88' lang='lat' dir='ltr'>lieri</span> <span class='ocrx_word' id='word_1_510' title='bbox 1405 2866 1462 2924; x_wconf 83' lang='lat' dir='ltr'>post</span> <span class='ocrx_word' id='word_1_511' title='bbox 1481 2857 1498 2908; x_wconf 93' lang='lat' dir='ltr'>l.</span> <span class='ocrx_word' id='word_1_512' title='bbox 1516 2875 1540 2908; x_wconf 88' lang='lat' dir='ltr'>o.</span> <span class='ocrx_word' id='word_1_513' title='bbox 1553 2856 1621 2926; x_wconf 86' lang='lat' dir='ltr'>Quia</span> <span class='ocrx_word' id='word_1_514' title='bbox 1641 2867 1744 2928; x_wconf 86' lang='lat' dir='ltr'>tempos</span> <span class='ocrx_word' id='word_1_515' title='bbox 1763 2869 1822 2930; x_wconf 86' lang='lat' dir='ltr'>pest</span> <span class='ocrx_word' id='word_1_516' title='bbox 1837 2861 1870 2912; x_wconf 90' lang='lat' dir='ltr'>li-</span> 
     </span>
     <span class='ocr_line' id='line_1_59' title="bbox 1051 2936 1875 3008; baseline 0.011 -18"><span class='ocrx_word' id='word_1_517' title='bbox 1051 2948 1103 2992; x_wconf 89' lang='lat' dir='ltr'>tem</span> <span class='ocrx_word' id='word_1_518' title='bbox 1122 2945 1291 2991; x_wconf 80' lang='lat' dir='ltr'>contestatam</span> <span class='ocrx_word' id='word_1_519' title='bbox 1312 2936 1475 3008; x_wconf 87' lang='lat' dir='ltr'>praedicatur</span> <span class='ocrx_word' id='word_1_520' title='bbox 1488 2939 1520 2992; x_wconf 87' lang='lat' dir='ltr'>de</span> <span class='ocrx_word' id='word_1_521' title='bbox 1534 2939 1634 3008; x_wconf 86' lang='lat' dir='ltr'>judicio</span> <span class='ocrx_word' id='word_1_522' title='bbox 1650 2940 1737 2996; x_wconf 82' lang='lat' dir='ltr'>adhue</span> <span class='ocrx_word' id='word_1_523' title='bbox 1750 2943 1875 2999; x_wconf 70' lang='lat' dir='ltr'>tunore·</span> 
     </span>
     <span class='ocr_line' id='line_1_60' title="bbox 1050 3017 1871 3096; baseline 0.005 -20"><span class='ocrx_word' id='word_1_524' title='bbox 1050 3023 1109 3076; x_wconf 80' lang='lat' dir='ltr'>lloo</span> <span class='ocrx_word' id='word_1_525' title='bbox 1128 3039 1188 3078; x_wconf 85' lang='lat' dir='ltr'>sero</span> <span class='ocrx_word' id='word_1_526' title='bbox 1207 3023 1335 3076; x_wconf 84' lang='lat' dir='ltr'>sententia</span> <span class='ocrx_word' id='word_1_527' title='bbox 1351 3017 1471 3075; x_wconf 81' lang='lat' dir='ltr'>finitum.</span> <span class='ocrx_word' id='word_1_528' title='bbox 1492 3022 1609 3087; x_wconf 77' lang='lat' dir='ltr'>idirco,</span> <span class='ocrx_word' id='word_1_529' title='bbox 1623 3023 1688 3096; x_wconf 82' lang='lat' dir='ltr'>juri</span> <span class='ocrx_word' id='word_1_530' title='bbox 1702 3025 1802 3096; x_wconf 80' lang='lat' dir='ltr'>scripto</span> <span class='ocrx_word' id='word_1_531' title='bbox 1813 3031 1871 3080; x_wconf 85' lang='lat' dir='ltr'>nui-</span> 
     </span>
     <span class='ocr_line' id='line_1_61' title="bbox 1049 3106 1870 3180; baseline 0.006 -22"><span class='ocrx_word' id='word_1_532' title='bbox 1049 3106 1099 3159; x_wconf 91' lang='lat' dir='ltr'>libi</span> <span class='ocrx_word' id='word_1_533' title='bbox 1114 3115 1322 3161; x_wconf 85' lang='lat' dir='ltr'>consentaneum</span> <span class='ocrx_word' id='word_1_534' title='bbox 1337 3107 1388 3175; x_wconf 90' lang='lat' dir='ltr'>legi</span> <span class='ocrx_word' id='word_1_535' title='bbox 1400 3147 1407 3170; x_wconf 94' lang='lat'>,</span> <span class='ocrx_word' id='word_1_536' title='bbox 1420 3106 1474 3160; x_wconf 83' lang='lat' dir='ltr'>sire</span> <span class='ocrx_word' id='word_1_537' title='bbox 1486 3123 1522 3159; x_wconf 82' lang='lat' dir='ltr'>sc.</span> <span class='ocrx_word' id='word_1_538' title='bbox 1534 3108 1624 3180; x_wconf 81' lang='lat' dir='ltr'>veilej.</span> <span class='ocrx_word' id='word_1_539' title='bbox 1638 3108 1694 3162; x_wconf 75' lang='lat' dir='ltr'>sire</span> <span class='ocrx_word' id='word_1_540' title='bbox 1705 3109 1756 3162; x_wconf 83' lang='lat' dir='ltr'>reti</span> <span class='ocrx_word' id='word_1_541' title='bbox 1766 3113 1870 3168; x_wconf 73' lang='lat' dir='ltr'>maced.</span> 
     </span>
     <span class='ocr_line' id='line_1_62' title="bbox 1051 3189 1872 3269; baseline 0.01 -25"><span class='ocrx_word' id='word_1_542' title='bbox 1051 3189 1106 3246; x_wconf 89' lang='lat' dir='ltr'>sire</span> <span class='ocrx_word' id='word_1_543' title='bbox 1123 3194 1227 3261; x_wconf 88' lang='lat' dir='ltr'>quassis</span> <span class='ocrx_word' id='word_1_544' title='bbox 1239 3192 1302 3244; x_wconf 89' lang='lat' dir='ltr'>alias</span> <span class='ocrx_word' id='word_1_545' title='bbox 1315 3190 1565 3264; x_wconf 72' lang='lat' dir='ltr'>receptionesjuris</span> <span class='ocrx_word' id='word_1_546' title='bbox 1578 3194 1607 3244; x_wconf 91' lang='lat' dir='ltr'>in</span> <span class='ocrx_word' id='word_1_547' title='bbox 1619 3197 1777 3250; x_wconf 86' lang='lat' dir='ltr'>executione</span> <span class='ocrx_word' id='word_1_548' title='bbox 1795 3215 1872 3269; x_wconf 88' lang='lat' dir='ltr'>posse</span> 
     </span>
     <span class='ocr_line' id='line_1_63' title="bbox 1050 3274 1872 3348; baseline 0.012 -22"><span class='ocrx_word' id='word_1_549' title='bbox 1050 3274 1160 3345; x_wconf 91' lang='lat' dir='ltr'>opponi.</span> <span class='ocrx_word' id='word_1_550' title='bbox 1177 3277 1250 3346; x_wconf 85' lang='lat' dir='ltr'>Quae</span> <span class='ocrx_word' id='word_1_551' title='bbox 1261 3275 1294 3328; x_wconf 87' lang='lat' dir='ltr'>de</span> <span class='ocrx_word' id='word_1_552' title='bbox 1313 3276 1360 3327; x_wconf 88' lang='lat' dir='ltr'>bac</span> <span class='ocrx_word' id='word_1_553' title='bbox 1377 3275 1486 3329; x_wconf 83' lang='lat' dir='ltr'>licentis</span> <span class='ocrx_word' id='word_1_554' title='bbox 1506 3276 1577 3328; x_wconf 83' lang='lat' dir='ltr'>add.</span> <span class='ocrx_word' id='word_1_555' title='bbox 1589 3276 1670 3330; x_wconf 86' lang='lat' dir='ltr'>bodie</span> <span class='ocrx_word' id='word_1_556' title='bbox 1687 3280 1872 3348; x_wconf 86' lang='lat' dir='ltr'>perhibentur.</span> 
     </span>
     <span class='ocr_line' id='line_1_64' title="bbox 1050 3357 1867 3430; baseline 0.01 -17"><span class='ocrx_word' id='word_1_557' title='bbox 1050 3359 1144 3413; x_wconf 69' lang='lat' dir='ltr'>Praxi</span> <span class='ocrx_word' id='word_1_558' title='bbox 1166 3359 1252 3430; x_wconf 86' lang='lat' dir='ltr'>potius</span> <span class='ocrx_word' id='word_1_559' title='bbox 1276 3357 1436 3424; x_wconf 77' lang='lat' dir='ltr'>firmantur,</span> <span class='ocrx_word' id='word_1_560' title='bbox 1460 3377 1536 3430; x_wconf 82' lang='lat' dir='ltr'>quam</span> <span class='ocrx_word' id='word_1_561' title='bbox 1559 3363 1625 3429; x_wconf 73' lang='lat' dir='ltr'>inire.</span> <span class='ocrx_word' id='word_1_562' title='bbox 1652 3361 1711 3415; x_wconf 83' lang='lat' dir='ltr'>Non</span> <span class='ocrx_word' id='word_1_563' title='bbox 1736 3362 1867 3429; x_wconf 79' lang='lat' dir='ltr'>diffiteor.</span> 
     </span>
     <span class='ocr_line' id='line_1_65' title="bbox 1049 3439 1870 3515; baseline 0.011 -22"><span class='ocrx_word' id='word_1_564' title='bbox 1049 3441 1119 3512; x_wconf 84' lang='lat' dir='ltr'>quod</span> <span class='ocrx_word' id='word_1_565' title='bbox 1145 3443 1163 3495; x_wconf 83' lang='lat' dir='ltr'>i.</span> <span class='ocrx_word' id='word_1_566' title='bbox 1191 3444 1235 3494; x_wconf 89' lang='grc'>11.</span> <span class='ocrx_word' id='word_1_567' title='bbox 1250 3439 1292 3511; x_wconf 94' lang='grc' dir='ltr'>Ι.</span> <span class='ocrx_word' id='word_1_568' title='bbox 1309 3445 1345 3496; x_wconf 81' lang='lat' dir='ltr'>mi</span> <span class='ocrx_word' id='word_1_569' title='bbox 1367 3445 1525 3498; x_wconf 77' lang='lat' dir='ltr'>te.·mneeci</span> <span class='ocrx_word' id='word_1_570' title='bbox 1550 3463 1633 3515; x_wconf 77' lang='lat' dir='ltr'>usqne</span> <span class='ocrx_word' id='word_1_571' title='bbox 1652 3447 1691 3499; x_wconf 81' lang='lat' dir='ltr'>nd</span> <span class='ocrx_word' id='word_1_572' title='bbox 1705 3451 1870 3504; x_wconf 81' lang='lat' dir='ltr'>sententium</span> 
     </span>
    </p>
   </div>
   <div class='ocr_carea' id='block_1_6' title="bbox 131 3525 1878 4692">
    <p class='ocr_par' dir='ltr' id='par_1_6' title="bbox 176 3525 1874 3853">
     <span class='ocr_line' id='line_1_66' title="bbox 179 3525 1868 3599; baseline 0.004 -17"><span class='ocrx_word' id='word_1_573' title='bbox 179 3531 264 3596; x_wconf 83' lang='lat' dir='ltr'>aellej·</span> <span class='ocrx_word' id='word_1_574' title='bbox 282 3526 447 3599; x_wconf 63' lang='lat' dir='ltr'>,prohibentis</span> <span class='ocrx_word' id='word_1_575' title='bbox 467 3525 685 3580; x_wconf 78' lang='lat' dir='ltr'>intercessionem</span> <span class='ocrx_word' id='word_1_576' title='bbox 711 3545 759 3598; x_wconf 88' lang='lat' dir='ltr'>pro</span> <span class='ocrx_word' id='word_1_577' title='bbox 776 3529 829 3582; x_wconf 84' lang='lat' dir='ltr'>elis</span> <span class='ocrx_word' id='word_1_578' title='bbox 845 3545 922 3597; x_wconf 86' lang='lat' dir='ltr'>qnam</span> <span class='ocrx_word' id='word_1_579' title='bbox 941 3547 998 3582; x_wconf 89' lang='grc' dir='ltr'>ιιι-</span> <span class='ocrx_word' id='word_1_580' title='bbox 1049 3527 1231 3597; x_wconf 83' lang='lat' dir='ltr'>exceptionem</span> <span class='ocrx_word' id='word_1_581' title='bbox 1249 3542 1287 3580; x_wconf 87' lang='lat' dir='ltr'>sc.</span> <span class='ocrx_word' id='word_1_582' title='bbox 1306 3529 1408 3582; x_wconf 82' lang='lat' dir='ltr'>maced.</span> <span class='ocrx_word' id='word_1_583' title='bbox 1427 3529 1505 3584; x_wconf 90' lang='lat' dir='ltr'>liceat</span> <span class='ocrx_word' id='word_1_584' title='bbox 1532 3530 1660 3598; x_wconf 71' lang='lat' dir='ltr'>ellegere,</span> <span class='ocrx_word' id='word_1_585' title='bbox 1680 3543 1793 3587; x_wconf 86' lang='lat' dir='ltr'>attamen</span> <span class='ocrx_word' id='word_1_586' title='bbox 1812 3553 1868 3589; x_wconf 90' lang='lat' dir='ltr'>non</span> 
     </span>
     <span class='ocr_line' id='line_1_67' title="bbox 176 3609 1866 3682; baseline 0.001 -13"><span class='ocrx_word' id='word_1_587' title='bbox 176 3617 246 3680; x_wconf 81' lang='lat' dir='ltr'>rito,</span> <span class='ocrx_word' id='word_1_588' title='bbox 262 3614 307 3668; x_wconf 88' lang='lat' dir='ltr'>sed</span> <span class='ocrx_word' id='word_1_589' title='bbox 318 3612 437 3666; x_wconf 71' lang='lat' dir='ltr'>umdem</span> <span class='ocrx_word' id='word_1_590' title='bbox 456 3629 509 3665; x_wconf 86' lang='lat' dir='ltr'>non</span> <span class='ocrx_word' id='word_1_591' title='bbox 528 3613 688 3665; x_wconf 77' lang='lat' dir='ltr'>annullastis</span> <span class='ocrx_word' id='word_1_592' title='bbox 705 3611 806 3682; x_wconf 85' lang='lat' dir='ltr'>ipsum,</span> <span class='ocrx_word' id='word_1_593' title='bbox 820 3615 939 3668; x_wconf 88' lang='lat' dir='ltr'>uti-alias</span> <span class='ocrx_word' id='word_1_594' title='bbox 957 3618 996 3682; x_wconf 77' lang='lat' dir='ltr'>ie·</span> <span class='ocrx_word' id='word_1_595' title='bbox 1048 3609 1146 3664; x_wconf 87' lang='lat' dir='ltr'>dicitur</span> <span class='ocrx_word' id='word_1_596' title='bbox 1166 3621 1229 3680; x_wconf 77' lang='lat' dir='ltr'>port</span> <span class='ocrx_word' id='word_1_597' title='bbox 1252 3613 1412 3664; x_wconf 63' lang='lat' dir='ltr'>renuntiem</span> <span class='ocrx_word' id='word_1_598' title='bbox 1435 3614 1510 3666; x_wconf 89' lang='lat' dir='ltr'>etin</span> <span class='ocrx_word' id='word_1_599' title='bbox 1528 3615 1698 3670; x_wconf 68' lang='lat' dir='ltr'>executione.</span> <span class='ocrx_word' id='word_1_600' title='bbox 1725 3617 1760 3669; x_wconf 83' lang='lat' dir='ltr'>Et</span> <span class='ocrx_word' id='word_1_601' title='bbox 1776 3637 1792 3670; x_wconf 91' lang='lat' dir='ltr'>a</span> <span class='ocrx_word' id='word_1_602' title='bbox 1810 3631 1866 3672; x_wconf 84' lang='lat' dir='ltr'>ecto</span> 
     </span>
     <span class='ocr_line' id='line_1_68' title="bbox 182 3691 1874 3769; baseline 0.001 -19"><span class='ocrx_word' id='word_1_603' title='bbox 182 3700 339 3762; x_wconf 79' lang='lat' dir='ltr'>ris,eernm</span> <span class='ocrx_word' id='word_1_604' title='bbox 353 3697 472 3749; x_wconf 88' lang='lat' dir='ltr'>adbibita</span> <span class='ocrx_word' id='word_1_605' title='bbox 490 3712 570 3768; x_wconf 84' lang='lat' dir='ltr'>opera</span> <span class='ocrx_word' id='word_1_606' title='bbox 591 3695 700 3748; x_wconf 82' lang='lat' dir='ltr'>alterius</span> <span class='ocrx_word' id='word_1_607' title='bbox 713 3696 926 3765; x_wconf 82' lang='lat' dir='ltr'>restringendum</span> <span class='ocrx_word' id='word_1_608' title='bbox 938 3699 1005 3752; x_wconf 80' lang='lat' dir='ltr'>erit·</span> <span class='ocrx_word' id='word_1_609' title='bbox 1051 3696 1153 3750; x_wconf 80' lang='lat' dir='ltr'>maced.</span> <span class='ocrx_word' id='word_1_610' title='bbox 1184 3704 1216 3748; x_wconf 91' lang='lat' dir='ltr'>ut</span> <span class='ocrx_word' id='word_1_611' title='bbox 1243 3693 1427 3761; x_wconf 78' lang='lat' dir='ltr'>odiosissime,</span> <span class='ocrx_word' id='word_1_612' title='bbox 1458 3697 1527 3752; x_wconf 86' lang='lat' dir='ltr'>salet</span> <span class='ocrx_word' id='word_1_613' title='bbox 1558 3691 1743 3769; x_wconf 80' lang='lat' dir='ltr'>argumentum</span> <span class='ocrx_word' id='word_1_614' title='bbox 1774 3698 1807 3753; x_wconf 91' lang='lat' dir='ltr'>ed</span> <span class='ocrx_word' id='word_1_615' title='bbox 1837 3719 1874 3753; x_wconf 74' lang='lat' dir='ltr'>ser</span> 
     </span>
     <span class='ocr_line' id='line_1_69' title="bbox 184 3778 1140 3853; baseline -0.002 -19"><span class='ocrx_word' id='word_1_616' title='bbox 184 3785 308 3853; x_wconf 84' lang='lat' dir='ltr'>idemque</span> <span class='ocrx_word' id='word_1_617' title='bbox 327 3781 504 3836; x_wconf 85' lang='lat' dir='ltr'>aestimandus</span> <span class='ocrx_word' id='word_1_618' title='bbox 535 3778 658 3844; x_wconf 73' lang='lat' dir='ltr'>effectus,</span> <span class='ocrx_word' id='word_1_619' title='bbox 683 3779 728 3848; x_wconf 84' lang='lat' dir='ltr'>qui</span> <span class='ocrx_word' id='word_1_620' title='bbox 760 3778 824 3831; x_wconf 86' lang='lat' dir='ltr'>alias</span> <span class='ocrx_word' id='word_1_621' title='bbox 847 3779 997 3834; x_wconf 86' lang='lat' dir='ltr'>ordinarius</span> <span class='ocrx_word' id='word_1_622' title='bbox 1050 3780 1140 3852; x_wconf 80' lang='lat' dir='ltr'>velles.</span> 
     </span>
    </p>

    <p class='ocr_par' dir='ltr' id='par_1_7' title="bbox 131 3861 1878 4692">
     <span class='ocr_line' id='line_1_70' title="bbox 180 3861 1870 3940; baseline 0.001 -22"><span class='ocrx_word' id='word_1_623' title='bbox 180 3879 268 3918; x_wconf 77' lang='lat' dir='ltr'>contre</span> <span class='ocrx_word' id='word_1_624' title='bbox 286 3867 356 3936; x_wconf 83' lang='lat' dir='ltr'>leges</span> <span class='ocrx_word' id='word_1_625' title='bbox 373 3873 519 3918; x_wconf 73' lang='lat' dir='ltr'>contractae</span> <span class='ocrx_word' id='word_1_626' title='bbox 541 3861 722 3921; x_wconf 77' lang='lat' dir='ltr'>conventioni.</span> <span class='ocrx_word' id='word_1_627' title='bbox 742 3861 852 3930; x_wconf 67' lang='lat' dir='ltr'>ipsoque</span> <span class='ocrx_word' id='word_1_628' title='bbox 867 3863 924 3930; x_wconf 78' lang='lat' dir='ltr'>inre</span> <span class='ocrx_word' id='word_1_629' title='bbox 943 3871 997 3914; x_wconf 88' lang='lat' dir='ltr'>tute</span> <span class='ocrx_word' id='word_1_630' title='bbox 1083 3867 1106 3932; x_wconf 88' lang='lat'>§.</span> <span class='ocrx_word' id='word_1_631' title='bbox 1124 3865 1184 3918; x_wconf 85' lang='lat' dir='ltr'>llll.</span> <span class='ocrx_word' id='word_1_632' title='bbox 1197 3869 1230 3919; x_wconf 80' lang='lat' dir='ltr'>L.</span> <span class='ocrx_word' id='word_1_633' title='bbox 1248 3867 1275 3918; x_wconf 80' lang='grc'>8.</span> <span class='ocrx_word' id='word_1_634' title='bbox 1294 3873 1315 3930; x_wconf 70' lang='lat' dir='ltr'>i.</span> <span class='ocrx_word' id='word_1_635' title='bbox 1330 3865 1372 3919; x_wconf 83' lang='lat' dir='ltr'>1t.</span> <span class='ocrx_word' id='word_1_636' title='bbox 1389 3863 1426 3935; x_wconf 79' lang='lat' dir='ltr'>ff,</span> <span class='ocrx_word' id='word_1_637' title='bbox 1437 3865 1471 3921; x_wconf 81' lang='lat' dir='ltr'>tie</span> <span class='ocrx_word' id='word_1_638' title='bbox 1482 3867 1629 3940; x_wconf 82' lang='lat' dir='ltr'>inofficios.</span> <span class='ocrx_word' id='word_1_639' title='bbox 1642 3877 1791 3924; x_wconf 75' lang='lat' dir='ltr'>reclament.</span> <span class='ocrx_word' id='word_1_640' title='bbox 1803 3869 1870 3922; x_wconf 83' lang='lat' dir='ltr'>‹lici-</span> 
     </span>
     <span class='ocr_line' id='line_1_71' title="bbox 131 3939 1871 4023; baseline 0.002 -21"><span class='ocrx_word' id='word_1_641' title='bbox 131 3947 134 3954; x_wconf 84' lang='lat'>&#39;</span> <span class='ocrx_word' id='word_1_642' title='bbox 183 3951 318 4005; x_wconf 83' lang='lat' dir='ltr'>uxordiei</span> <span class='ocrx_word' id='word_1_643' title='bbox 342 3949 445 4022; x_wconf 85' lang='lat' dir='ltr'>poterit.</span> <span class='ocrx_word' id='word_1_644' title='bbox 463 3945 598 3999; x_wconf 75' lang='lat' dir='ltr'>coeterum</span> <span class='ocrx_word' id='word_1_645' title='bbox 625 3943 748 4012; x_wconf 88' lang='lat' dir='ltr'>quoniam</span> <span class='ocrx_word' id='word_1_646' title='bbox 773 3943 916 4013; x_wconf 80' lang='lat' dir='ltr'>imperetur</span> <span class='ocrx_word' id='word_1_647' title='bbox 934 3945 960 3998; x_wconf 80' lang='lat' dir='ltr'>ci·</span> <span class='ocrx_word' id='word_1_648' title='bbox 977 3946 996 3996; x_wconf 87' lang='lat' dir='ltr'>t.</span> <span class='ocrx_word' id='word_1_649' title='bbox 1047 3956 1104 4011; x_wconf 91' lang='lat' dir='ltr'>tur,</span> <span class='ocrx_word' id='word_1_650' title='bbox 1129 3956 1316 4002; x_wconf 60' lang='lat' dir='ltr'>‘testamentum</span> <span class='ocrx_word' id='word_1_651' title='bbox 1342 3945 1522 4003; x_wconf 79' lang='lat' dir='ltr'>inofficiosum</span> <span class='ocrx_word' id='word_1_652' title='bbox 1548 3987 1557 4015; x_wconf 87' lang='lat'>,</span> <span class='ocrx_word' id='word_1_653' title='bbox 1581 3939 1673 4006; x_wconf 76' lang='lat' dir='ltr'>contis</span> <span class='ocrx_word' id='word_1_654' title='bbox 1697 3953 1769 4021; x_wconf 83' lang='lat' dir='ltr'>quod</span> <span class='ocrx_word' id='word_1_655' title='bbox 1794 3954 1871 4023; x_wconf 83' lang='lat' dir='ltr'>judex</span> 
     </span>
     <span class='ocr_line' id='line_1_72' title="bbox 181 4027 1874 4106; baseline 0.001 -18"><span class='ocrx_word' id='word_1_656' title='bbox 181 4037 223 4088; x_wconf 71' lang='lat'>23.</span> <span class='ocrx_word' id='word_1_657' title='bbox 240 4038 264 4104; x_wconf 67' lang='grc' dir='ltr'>ς.</span> <span class='ocrx_word' id='word_1_658' title='bbox 277 4033 337 4104; x_wconf 80' lang='lat' dir='ltr'>fin.</span> <span class='ocrx_word' id='word_1_659' title='bbox 361 4032 378 4084; x_wconf 91' lang='lat'>1.</span> <span class='ocrx_word' id='word_1_660' title='bbox 398 4031 436 4084; x_wconf 84' lang='lat' dir='ltr'>cd</span> <span class='ocrx_word' id='word_1_661' title='bbox 451 4047 488 4083; x_wconf 82' lang='lat' dir='ltr'>sc.</span> <span class='ocrx_word' id='word_1_662' title='bbox 513 4027 599 4100; x_wconf 82' lang='lat' dir='ltr'>seiiej.</span> <span class='ocrx_word' id='word_1_663' title='bbox 617 4027 761 4079; x_wconf 82' lang='lat' dir='ltr'>Mulierum</span> <span class='ocrx_word' id='word_1_664' title='bbox 780 4028 998 4090; x_wconf 82' lang='lat' dir='ltr'>intercessionem</span> <span class='ocrx_word' id='word_1_665' title='bbox 1046 4027 1279 4099; x_wconf 74' lang='lat' dir='ltr'>pronunciarent,</span> <span class='ocrx_word' id='word_1_666' title='bbox 1299 4047 1348 4084; x_wconf 88' lang='lat' dir='ltr'>uec</span> <span class='ocrx_word' id='word_1_667' title='bbox 1366 4049 1379 4082; x_wconf 88' lang='lat' dir='ltr'>a</span> <span class='ocrx_word' id='word_1_668' title='bbox 1399 4033 1527 4087; x_wconf 86' lang='lat' dir='ltr'>sententie</span> <span class='ocrx_word' id='word_1_669' title='bbox 1544 4036 1719 4104; x_wconf 75' lang='lat' dir='ltr'>appellatum,</span> <span class='ocrx_word' id='word_1_670' title='bbox 1740 4035 1799 4106; x_wconf 88' lang='lat' dir='ltr'>ipso</span> <span class='ocrx_word' id='word_1_671' title='bbox 1816 4039 1874 4104; x_wconf 80' lang='lat' dir='ltr'>jure</span> 
     </span>
     <span class='ocr_line' id='line_1_73' title="bbox 179 4111 1869 4190; baseline 0.001 -18"><span class='ocrx_word' id='word_1_672' title='bbox 179 4121 337 4190; x_wconf 76' lang='lat' dir='ltr'>generaliter</span> <span class='ocrx_word' id='word_1_673' title='bbox 355 4113 513 4176; x_wconf 85' lang='lat' dir='ltr'>admiserat,</span> <span class='ocrx_word' id='word_1_674' title='bbox 535 4111 557 4162; x_wconf 84' lang='lat' dir='ltr'>si</span> <span class='ocrx_word' id='word_1_675' title='bbox 582 4111 712 4180; x_wconf 87' lang='lat' dir='ltr'>scriptura</span> <span class='ocrx_word' id='word_1_676' title='bbox 733 4111 864 4182; x_wconf 86' lang='lat' dir='ltr'>triumque</span> <span class='ocrx_word' id='word_1_677' title='bbox 886 4113 992 4167; x_wconf 88' lang='lat' dir='ltr'>testium</span> <span class='ocrx_word' id='word_1_678' title='bbox 1044 4116 1185 4169; x_wconf 83' lang='lat' dir='ltr'>rescissum</span> <span class='ocrx_word' id='word_1_679' title='bbox 1205 4131 1275 4178; x_wconf 86' lang='lat' dir='ltr'>esse,</span> <span class='ocrx_word' id='word_1_680' title='bbox 1294 4116 1428 4170; x_wconf 85' lang='lat' dir='ltr'>libertates</span> <span class='ocrx_word' id='word_1_681' title='bbox 1445 4135 1548 4186; x_wconf 81' lang='lat' dir='ltr'>quoque</span> <span class='ocrx_word' id='word_1_682' title='bbox 1565 4119 1624 4188; x_wconf 81' lang='lat' dir='ltr'>ipso</span> <span class='ocrx_word' id='word_1_683' title='bbox 1639 4121 1699 4188; x_wconf 76' lang='lat' dir='ltr'>jure</span> <span class='ocrx_word' id='word_1_684' title='bbox 1717 4122 1869 4174; x_wconf 87' lang='lat' dir='ltr'>nonralere</span> 
     </span>
     <span class='ocr_line' id='line_1_74' title="bbox 180 4195 1870 4272; baseline -0.002 -15"><span class='ocrx_word' id='word_1_685' title='bbox 180 4202 342 4270; x_wconf 83' lang='lat' dir='ltr'>subsignatio</span> <span class='ocrx_word' id='word_1_686' title='bbox 355 4198 542 4256; x_wconf 81' lang='lat' dir='ltr'>intervenerit,</span> <span class='ocrx_word' id='word_1_687' title='bbox 557 4205 583 4248; x_wconf 90' lang='lat' dir='ltr'>et</span> <span class='ocrx_word' id='word_1_688' title='bbox 601 4197 744 4266; x_wconf 83' lang='lat' dir='ltr'>perieulum</span> <span class='ocrx_word' id='word_1_689' title='bbox 756 4211 950 4268; x_wconf 84' lang='lat' dir='ltr'>permanserat,</span> <span class='ocrx_word' id='word_1_690' title='bbox 961 4219 993 4254; x_wconf 90' lang='lat' dir='ltr'>ne</span> <span class='ocrx_word' id='word_1_691' title='bbox 1044 4215 1093 4252; x_wconf 88' lang='lat' dir='ltr'>nec</span> <span class='ocrx_word' id='word_1_692' title='bbox 1110 4200 1188 4269; x_wconf 82' lang='lat' dir='ltr'>legate</span> <span class='ocrx_word' id='word_1_693' title='bbox 1206 4198 1312 4255; x_wconf 85' lang='lat' dir='ltr'>deberi:</span> <span class='ocrx_word' id='word_1_694' title='bbox 1331 4201 1375 4254; x_wconf 87' lang='lat' dir='ltr'>sed</span> <span class='ocrx_word' id='word_1_695' title='bbox 1395 4203 1478 4257; x_wconf 82' lang='lat' dir='ltr'>soluta</span> <span class='ocrx_word' id='word_1_696' title='bbox 1497 4195 1599 4271; x_wconf 82' lang='lat' dir='ltr'>repeti,</span> <span class='ocrx_word' id='word_1_697' title='bbox 1612 4214 1656 4256; x_wconf 89' lang='lat' dir='ltr'>ant</span> <span class='ocrx_word' id='word_1_698' title='bbox 1666 4201 1699 4253; x_wconf 89' lang='lat' dir='ltr'>ab</span> <span class='ocrx_word' id='word_1_699' title='bbox 1711 4220 1742 4256; x_wconf 93' lang='lat' dir='ltr'>eo</span> <span class='ocrx_word' id='word_1_700' title='bbox 1753 4204 1799 4272; x_wconf 88' lang='lat' dir='ltr'>qui</span> <span class='ocrx_word' id='word_1_701' title='bbox 1813 4207 1870 4258; x_wconf 50' lang='lat' dir='ltr'>sol·¹</span> 
     </span>
     <span class='ocr_line' id='line_1_75' title="bbox 180 4277 1866 4356; baseline -0.001 -13"><span class='ocrx_word' id='word_1_702' title='bbox 180 4305 247 4342; x_wconf 87' lang='lat' dir='ltr'>uxor</span> <span class='ocrx_word' id='word_1_703' title='bbox 266 4285 350 4338; x_wconf 83' lang='lat' dir='ltr'>inrita</span> <span class='ocrx_word' id='word_1_704' title='bbox 368 4291 502 4350; x_wconf 78' lang='lat' dir='ltr'>cogeretur</span> <span class='ocrx_word' id='word_1_705' title='bbox 520 4283 553 4332; x_wconf 92' lang='lat' dir='ltr'>ad</span> <span class='ocrx_word' id='word_1_706' title='bbox 572 4277 770 4348; x_wconf 77' lang='lat' dir='ltr'>fidejnlrenalum</span> <span class='ocrx_word' id='word_1_707' title='bbox 790 4285 995 4356; x_wconf 78' lang='lat' dir='ltr'>marito,idqne</span> <span class='ocrx_word' id='word_1_708' title='bbox 1044 4283 1098 4346; x_wconf 85' lang='lat' dir='ltr'>rit,</span> <span class='ocrx_word' id='word_1_709' title='bbox 1116 4293 1160 4337; x_wconf 87' lang='grc' dir='ltr'>ιιι</span> <span class='ocrx_word' id='word_1_710' title='bbox 1178 4283 1213 4336; x_wconf 86' lang='lat' dir='ltr'>ab</span> <span class='ocrx_word' id='word_1_711' title='bbox 1230 4285 1320 4354; x_wconf 84' lang='lat' dir='ltr'>ecqui</span> <span class='ocrx_word' id='word_1_712' title='bbox 1340 4284 1463 4338; x_wconf 82' lang='lat' dir='ltr'>obtinuit.</span> <span class='ocrx_word' id='word_1_713' title='bbox 1482 4283 1575 4353; x_wconf 87' lang='lat' dir='ltr'>Carpit</span> <span class='ocrx_word' id='word_1_714' title='bbox 1600 4285 1698 4338; x_wconf 80' lang='grc' dir='ltr'>Διιιιι.</span> <span class='ocrx_word' id='word_1_715' title='bbox 1724 4287 1809 4341; x_wconf 80' lang='lat' dir='ltr'>Faber</span> <span class='ocrx_word' id='word_1_716' title='bbox 1827 4291 1866 4344; x_wconf 83' lang='lat' dir='ltr'>ad</span> 
     </span>
     <span class='ocr_line' id='line_1_76' title="bbox 179 4365 1874 4445; baseline 0.002 -25"><span class='ocrx_word' id='word_1_717' title='bbox 179 4380 307 4445; x_wconf 72' lang='lat' dir='ltr'>perpetuo</span> <span class='ocrx_word' id='word_1_718' title='bbox 326 4370 462 4436; x_wconf 83' lang='lat' dir='ltr'>iniquum,</span> <span class='ocrx_word' id='word_1_719' title='bbox 480 4365 611 4434; x_wconf 69' lang='lat' dir='ltr'>oportuit,</span> <span class='ocrx_word' id='word_1_720' title='bbox 630 4375 659 4417; x_wconf 92' lang='lat' dir='ltr'>ut</span> <span class='ocrx_word' id='word_1_721' title='bbox 678 4383 742 4420; x_wconf 85' lang='lat' dir='ltr'>nure</span> <span class='ocrx_word' id='word_1_722' title='bbox 760 4370 892 4424; x_wconf 73' lang='lat' dir='ltr'>unctione</span> <span class='ocrx_word' id='word_1_723' title='bbox 910 4371 995 4443; x_wconf 84' lang='lat' dir='ltr'>impe·</span> <span class='ocrx_word' id='word_1_724' title='bbox 1045 4366 1071 4420; x_wconf 80' lang='lat' dir='ltr'>ei.</span> <span class='ocrx_word' id='word_1_725' title='bbox 1085 4366 1106 4417; x_wconf 86' lang='lat' dir='ltr'>l.</span> <span class='ocrx_word' id='word_1_726' title='bbox 1129 4367 1339 4428; x_wconf 72' lang='lat' dir='ltr'>Tribonsonnns,</span> <span class='ocrx_word' id='word_1_727' title='bbox 1353 4366 1421 4436; x_wconf 87' lang='lat' dir='ltr'>quod</span> <span class='ocrx_word' id='word_1_728' title='bbox 1436 4374 1621 4418; x_wconf 73' lang='lat' dir='ltr'>testimenium</span> <span class='ocrx_word' id='word_1_729' title='bbox 1639 4366 1874 4440; x_wconf 74' lang='lat' dir='ltr'>ipsojurerescir-</span> 
     </span>
     <span class='ocr_line' id='line_1_77' title="bbox 177 4449 1872 4523; baseline 0.002 -19"><span class='ocrx_word' id='word_1_730' title='bbox 177 4468 247 4514; x_wconf 74' lang='lat' dir='ltr'>rator</span> <span class='ocrx_word' id='word_1_731' title='bbox 266 4449 463 4504; x_wconf 89' lang='lat' dir='ltr'>intercesaionia</span> <span class='ocrx_word' id='word_1_732' title='bbox 483 4449 561 4514; x_wconf 87' lang='lat' dir='ltr'>talis,</span> <span class='ocrx_word' id='word_1_733' title='bbox 583 4463 617 4500; x_wconf 90' lang='lat' dir='ltr'>sc.</span> <span class='ocrx_word' id='word_1_734' title='bbox 644 4449 753 4520; x_wconf 88' lang='lat' dir='ltr'>scriptis</span> <span class='ocrx_word' id='word_1_735' title='bbox 777 4461 929 4521; x_wconf 84' lang='lat' dir='ltr'>tractatam,</span> <span class='ocrx_word' id='word_1_736' title='bbox 948 4475 993 4510; x_wconf 81' lang='lat' dir='ltr'>aa·</span> <span class='ocrx_word' id='word_1_737' title='bbox 1042 4467 1101 4505; x_wconf 85' lang='lat' dir='ltr'>sum</span> <span class='ocrx_word' id='word_1_738' title='bbox 1113 4451 1229 4514; x_wconf 85' lang='lat' dir='ltr'>dixerit,</span> <span class='ocrx_word' id='word_1_739' title='bbox 1248 4468 1307 4503; x_wconf 77' lang='lat' dir='ltr'>osum</span> <span class='ocrx_word' id='word_1_740' title='bbox 1327 4460 1413 4504; x_wconf 87' lang='lat' dir='ltr'>tameo</span> <span class='ocrx_word' id='word_1_741' title='bbox 1428 4449 1500 4522; x_wconf 87' lang='lat' dir='ltr'>ipse,</span> <span class='ocrx_word' id='word_1_742' title='bbox 1513 4451 1657 4523; x_wconf 72' lang='lat' dir='ltr'>referendo</span> <span class='ocrx_word' id='word_1_743' title='bbox 1670 4449 1790 4522; x_wconf 81' lang='lat' dir='ltr'>jndicem</span> <span class='ocrx_word' id='word_1_744' title='bbox 1802 4471 1872 4510; x_wconf 77' lang='lat' dir='ltr'>con·-</span> 
     </span>
     <span class='ocr_line' id='line_1_78' title="bbox 178 4533 1878 4604; baseline -0.005 -7"><span class='ocrx_word' id='word_1_745' title='bbox 178 4547 259 4597; x_wconf 90' lang='lat' dir='ltr'>lorem</span> <span class='ocrx_word' id='word_1_746' title='bbox 276 4543 423 4600; x_wconf 85' lang='lat' dir='ltr'>coerceret,</span> <span class='ocrx_word' id='word_1_747' title='bbox 444 4535 466 4586; x_wconf 91' lang='lat' dir='ltr'>si</span> <span class='ocrx_word' id='word_1_748' title='bbox 486 4549 534 4603; x_wconf 92' lang='lat' dir='ltr'>pru</span> <span class='ocrx_word' id='word_1_749' title='bbox 553 4533 648 4588; x_wconf 84' lang='lat' dir='ltr'>marite</span> <span class='ocrx_word' id='word_1_750' title='bbox 668 4534 830 4588; x_wconf 82' lang='lat' dir='ltr'>intercessit.</span> <span class='ocrx_word' id='word_1_751' title='bbox 854 4536 934 4590; x_wconf 87' lang='lat' dir='ltr'>Extat</span> <span class='ocrx_word' id='word_1_752' title='bbox 950 4555 995 4590; x_wconf 87' lang='lat' dir='ltr'>ne-</span> <span class='ocrx_word' id='word_1_753' title='bbox 1047 4545 1092 4586; x_wconf 84' lang='lat' dir='ltr'>tre</span> <span class='ocrx_word' id='word_1_754' title='bbox 1121 4533 1191 4588; x_wconf 81' lang='lat' dir='ltr'>tttut</span> <span class='ocrx_word' id='word_1_755' title='bbox 1207 4533 1408 4604; x_wconf 76' lang='lat' dir='ltr'>pronunciasse</span> <span class='ocrx_word' id='word_1_756' title='bbox 1427 4534 1601 4598; x_wconf 88' lang='lat' dir='ltr'>sententiam,</span> <span class='ocrx_word' id='word_1_757' title='bbox 1632 4544 1815 4590; x_wconf 87' lang='lat' dir='ltr'>testamentum</span> <span class='ocrx_word' id='word_1_758' title='bbox 1836 4555 1878 4589; x_wconf 88' lang='lat' dir='ltr'>re·</span> 
     </span>
     <span class='ocr_line' id='line_1_79' title="bbox 177 4618 1870 4692; baseline -0.007 -8"><span class='ocrx_word' id='word_1_759' title='bbox 177 4643 238 4684; x_wconf 87' lang='grc' dir='ltr'>ιιιι</span> <span class='ocrx_word' id='word_1_760' title='bbox 258 4623 323 4676; x_wconf 90' lang='lat' dir='ltr'>illud</span> <span class='ocrx_word' id='word_1_761' title='bbox 344 4623 385 4690; x_wconf 90' lang='lat' dir='ltr'>jus</span> <span class='ocrx_word' id='word_1_762' title='bbox 400 4620 432 4670; x_wconf 89' lang='lat' dir='ltr'>in</span> <span class='ocrx_word' id='word_1_763' title='bbox 451 4637 512 4672; x_wconf 81' lang='lat' dir='ltr'>nos.</span> <span class='ocrx_word' id='word_1_764' title='bbox 532 4618 593 4670; x_wconf 79' lang='lat' dir='ltr'>iili.</span> <span class='ocrx_word' id='word_1_765' title='bbox 610 4635 670 4686; x_wconf 85' lang='lat' dir='ltr'>cap.</span> <span class='ocrx_word' id='word_1_766' title='bbox 695 4620 720 4670; x_wconf 78' lang='lat'>8.</span> <span class='ocrx_word' id='word_1_767' title='bbox 737 4635 770 4672; x_wconf 90' lang='lat' dir='ltr'>ex</span> <span class='ocrx_word' id='word_1_768' title='bbox 793 4637 843 4692; x_wconf 83' lang='lat' dir='ltr'>qna</span> <span class='ocrx_word' id='word_1_769' title='bbox 861 4632 992 4676; x_wconf 85' lang='lat' dir='ltr'>contracte</span> <span class='ocrx_word' id='word_1_770' title='bbox 1043 4618 1153 4672; x_wconf 83' lang='lat' dir='ltr'>scidisse</span> <span class='ocrx_word' id='word_1_771' title='bbox 1171 4619 1253 4682; x_wconf 71' lang='lat' dir='ltr'>ilicet:</span> <span class='ocrx_word' id='word_1_772' title='bbox 1273 4635 1326 4674; x_wconf 88' lang='grc' dir='ltr'>ιιι</span> <span class='ocrx_word' id='word_1_773' title='bbox 1345 4637 1406 4689; x_wconf 75' lang='lat' dir='ltr'>ergo</span> <span class='ocrx_word' id='word_1_774' title='bbox 1414 4621 1475 4690; x_wconf 79' lang='lat' dir='ltr'>jure</span> <span class='ocrx_word' id='word_1_775' title='bbox 1488 4620 1545 4690; x_wconf 81' lang='lat' dir='ltr'>ipso</span> <span class='ocrx_word' id='word_1_776' title='bbox 1561 4619 1657 4674; x_wconf 77' lang='lat' dir='ltr'>iactum</span> <span class='ocrx_word' id='word_1_777' title='bbox 1675 4621 1728 4672; x_wconf 91' lang='lat' dir='ltr'>dici</span> <span class='ocrx_word' id='word_1_778' title='bbox 1743 4637 1819 4692; x_wconf 87' lang='lat' dir='ltr'>posse</span> <span class='ocrx_word' id='word_1_779' title='bbox 1832 4623 1870 4673; x_wconf 87' lang='lat' dir='ltr'>ri-</span> 
     </span>
    </p>
   </div>
   <div class='ocr_carea' id='block_1_7' title="bbox 179 4685 1875 4859">
    <p class='ocr_par' dir='ltr' id='par_1_8' title="bbox 179 4685 1875 4859">
     <span class='ocr_line' id='line_1_80' title="bbox 179 4685 1875 4778; baseline -0.004 -14"><span class='ocrx_word' id='word_1_780' title='bbox 179 4714 288 4770; x_wconf 77' lang='lat' dir='ltr'>authen.</span> <span class='ocrx_word' id='word_1_781' title='bbox 306 4709 331 4760; x_wconf 88' lang='lat' dir='ltr'>ri</span> <span class='ocrx_word' id='word_1_782' title='bbox 348 4725 402 4778; x_wconf 81' lang='lat' dir='ltr'>gno</span> <span class='ocrx_word' id='word_1_783' title='bbox 421 4705 524 4758; x_wconf 84' lang='lat' dir='ltr'>mulier·</span> <span class='ocrx_word' id='word_1_784' title='bbox 542 4723 566 4758; x_wconf 88' lang='lat' dir='ltr'>c.</span> <span class='ocrx_word' id='word_1_785' title='bbox 584 4704 623 4758; x_wconf 79' lang='lat' dir='ltr'>ed</span> <span class='ocrx_word' id='word_1_786' title='bbox 637 4719 673 4758; x_wconf 79' lang='lat' dir='ltr'>se.</span> <span class='ocrx_word' id='word_1_787' title='bbox 691 4705 774 4775; x_wconf 73' lang='lat' dir='ltr'>uelles·</span> <span class='ocrx_word' id='word_1_788' title='bbox 788 4703 920 4758; x_wconf 81' lang='lat' dir='ltr'>Statuitur</span> <span class='ocrx_word' id='word_1_789' title='bbox 933 4707 991 4772; x_wconf 86' lang='lat' dir='ltr'>bie,</span> <span class='ocrx_word' id='word_1_790' title='bbox 1017 4685 1021 4708; x_wconf 66' lang='lat'>¹</span> <span class='ocrx_word' id='word_1_791' title='bbox 1042 4702 1129 4755; x_wconf 89' lang='lat' dir='ltr'>detur.</span> <span class='ocrx_word' id='word_1_792' title='bbox 1146 4703 1250 4756; x_wconf 80' lang='lat' dir='ltr'>intonit</span> <span class='ocrx_word' id='word_1_793' title='bbox 1262 4702 1373 4772; x_wconf 85' lang='lat' dir='ltr'>proinde</span> <span class='ocrx_word' id='word_1_794' title='bbox 1385 4705 1415 4756; x_wconf 91' lang='lat' dir='ltr'>in</span> <span class='ocrx_word' id='word_1_795' title='bbox 1435 4703 1647 4766; x_wconf 71' lang='lat' dir='ltr'>tribonianum,</span> <span class='ocrx_word' id='word_1_796' title='bbox 1663 4705 1738 4774; x_wconf 73' lang='lat' dir='ltr'>quiesi</span> <span class='ocrx_word' id='word_1_797' title='bbox 1758 4705 1875 4774; x_wconf 80' lang='lat' dir='ltr'>Ulpiani</span> 
     </span>
     <span class='ocr_line' id='line_1_81' title="bbox 1040 4789 1871 4859; baseline 0.008 -21"><span class='ocrx_word' id='word_1_798' title='bbox 1040 4789 1194 4843; x_wconf 88' lang='lat' dir='ltr'>anctoritate</span> <span class='ocrx_word' id='word_1_799' title='bbox 1211 4804 1285 4840; x_wconf 77' lang='lat' dir='ltr'>susum</span> <span class='ocrx_word' id='word_1_800' title='bbox 1304 4804 1420 4842; x_wconf 83' lang='lat' dir='ltr'>errorem</span> <span class='ocrx_word' id='word_1_801' title='bbox 1449 4797 1506 4842; x_wconf 86' lang='lat' dir='ltr'>teto</span> <span class='ocrx_word' id='word_1_802' title='bbox 1530 4789 1680 4859; x_wconf 86' lang='lat' dir='ltr'>expendere</span> <span class='ocrx_word' id='word_1_803' title='bbox 1697 4801 1823 4856; x_wconf 63' lang='lat' dir='ltr'>sonetum</span> <span class='ocrx_word' id='word_1_804' title='bbox 1842 4805 1871 4845; x_wconf 87' lang='lat' dir='ltr'>at</span> 
     </span>
    </p>
   </div>
   <div class='ocr_carea' id='block_1_8' title="bbox 178 4790 1866 4949">
    <p class='ocr_par' dir='ltr' id='par_1_9' title="bbox 178 4790 1866 4949">
     <span class='ocr_line' id='line_1_82' title="bbox 178 4790 992 4862; baseline -0.02 -7"><span class='ocrx_word' id='word_1_805' title='bbox 178 4803 257 4856; x_wconf 90' lang='lat' dir='ltr'>talem</span> <span class='ocrx_word' id='word_1_806' title='bbox 282 4793 479 4862; x_wconf 81' lang='lat' dir='ltr'>fidejussionem</span> <span class='ocrx_word' id='word_1_807' title='bbox 506 4791 654 4844; x_wconf 88' lang='lat' dir='ltr'>nullatenus</span> <span class='ocrx_word' id='word_1_808' title='bbox 676 4790 776 4854; x_wconf 85' lang='lat' dir='ltr'>relere,</span> <span class='ocrx_word' id='word_1_809' title='bbox 793 4805 845 4860; x_wconf 85' lang='lat' dir='ltr'>qun</span> <span class='ocrx_word' id='word_1_810' title='bbox 868 4791 931 4842; x_wconf 86' lang='lat' dir='ltr'>satis</span> <span class='ocrx_word' id='word_1_811' title='bbox 948 4791 992 4844; x_wconf 85' lang='lat' dir='ltr'>da-</span> 
     </span>
     <span class='ocr_line' id='line_1_83' title="bbox 178 4871 1866 4949; baseline -0.008 -9"><span class='ocrx_word' id='word_1_812' title='bbox 178 4887 290 4939; x_wconf 84' lang='lat' dir='ltr'>elarutur</span> <span class='ocrx_word' id='word_1_813' title='bbox 308 4879 465 4949; x_wconf 76' lang='lat' dir='ltr'>exceptione</span> <span class='ocrx_word' id='word_1_814' title='bbox 483 4892 518 4929; x_wconf 82' lang='lat' dir='ltr'>se.</span> <span class='ocrx_word' id='word_1_815' title='bbox 536 4875 621 4943; x_wconf 78' lang='lat' dir='ltr'>rellei·</span> <span class='ocrx_word' id='word_1_816' title='bbox 641 4889 693 4926; x_wconf 85' lang='grc' dir='ltr'>ιιι</span> <span class='ocrx_word' id='word_1_817' title='bbox 714 4889 782 4943; x_wconf 88' lang='lat' dir='ltr'>opos</span> <span class='ocrx_word' id='word_1_818' title='bbox 803 4889 874 4938; x_wconf 85' lang='lat' dir='ltr'>esee,</span> <span class='ocrx_word' id='word_1_819' title='bbox 894 4875 993 4944; x_wconf 89' lang='lat' dir='ltr'>quippe</span> <span class='ocrx_word' id='word_1_820' title='bbox 1042 4871 1145 4926; x_wconf 84' lang='lat' dir='ltr'>hercule</span> <span class='ocrx_word' id='word_1_821' title='bbox 1163 4872 1261 4924; x_wconf 89' lang='lat' dir='ltr'>erroris</span> <span class='ocrx_word' id='word_1_822' title='bbox 1280 4872 1431 4940; x_wconf 82' lang='lat' dir='ltr'>magnitudo</span> <span class='ocrx_word' id='word_1_823' title='bbox 1451 4885 1541 4926; x_wconf 88' lang='lat' dir='ltr'>monet</span> <span class='ocrx_word' id='word_1_824' title='bbox 1559 4872 1776 4943; x_wconf 83' lang='lat' dir='ltr'>circumspectius</span> <span class='ocrx_word' id='word_1_825' title='bbox 1794 4889 1866 4927; x_wconf 91' lang='lat' dir='ltr'>eum-</span> 
     </span>
    </p>
   </div>
   <div class='ocr_carea' id='block_1_9' title="bbox 176 4953 1870 5208">
    <p class='ocr_par' dir='ltr' id='par_1_10' title="bbox 176 4953 1870 5208">
     <span class='ocr_line' id='line_1_84' title="bbox 176 4953 1870 5034; baseline -0.013 -9"><span class='ocrx_word' id='word_1_826' title='bbox 176 4973 241 5024; x_wconf 84' lang='lat' dir='ltr'>bsec</span> <span class='ocrx_word' id='word_1_827' title='bbox 256 4967 360 5020; x_wconf 78' lang='lat' dir='ltr'>ciuilem</span> <span class='ocrx_word' id='word_1_828' title='bbox 387 4959 575 5034; x_wconf 88' lang='lat' dir='ltr'>praesupponit</span> <span class='ocrx_word' id='word_1_829' title='bbox 596 4957 798 5026; x_wconf 72' lang='lat' dir='ltr'>obligationem,</span> <span class='ocrx_word' id='word_1_830' title='bbox 821 4973 886 5027; x_wconf 83' lang='lat' dir='ltr'>quae</span> <span class='ocrx_word' id='word_1_831' title='bbox 910 4959 990 5011; x_wconf 80' lang='lat' dir='ltr'>serbe</span> <span class='ocrx_word' id='word_1_832' title='bbox 1015 4991 1018 5006; x_wconf 85' lang='lat'>.</span> <span class='ocrx_word' id='word_1_833' title='bbox 1039 4953 1098 5007; x_wconf 85' lang='lat' dir='ltr'>dens</span> <span class='ocrx_word' id='word_1_834' title='bbox 1117 4955 1244 5028; x_wconf 85' lang='lat' dir='ltr'>suspicari</span> <span class='ocrx_word' id='word_1_835' title='bbox 1264 4955 1297 5009; x_wconf 90' lang='lat' dir='ltr'>de</span> <span class='ocrx_word' id='word_1_836' title='bbox 1322 4973 1415 5024; x_wconf 76' lang='lat' dir='ltr'>migne</span> <span class='ocrx_word' id='word_1_837' title='bbox 1440 4955 1504 5010; x_wconf 82' lang='lat' dir='ltr'>siro.</span> <span class='ocrx_word' id='word_1_838' title='bbox 1529 4958 1616 5010; x_wconf 74' lang='grc' dir='ltr'>Μιιιι</span> <span class='ocrx_word' id='word_1_839' title='bbox 1643 4966 1757 5012; x_wconf 84' lang='lat' dir='ltr'>mentem</span> <span class='ocrx_word' id='word_1_840' title='bbox 1781 4957 1870 5012; x_wconf 74' lang='lat' dir='ltr'>libero</span> 
     </span>
     <span class='ocr_line' id='line_1_85' title="bbox 177 5039 1864 5112; baseline -0.012 0"><span class='ocrx_word' id='word_1_841' title='bbox 177 5059 334 5112; x_wconf 80' lang='lat' dir='ltr'>nuliatenus</span> <span class='ocrx_word' id='word_1_842' title='bbox 350 5049 508 5101; x_wconf 87' lang='lat' dir='ltr'>excluditur.</span> <span class='ocrx_word' id='word_1_843' title='bbox 528 5043 627 5096; x_wconf 83' lang='lat' dir='ltr'>llnbito</span> <span class='ocrx_word' id='word_1_844' title='bbox 645 5043 731 5111; x_wconf 72' lang='lat' dir='ltr'>igitur</span> <span class='ocrx_word' id='word_1_845' title='bbox 750 5051 866 5112; x_wconf 82' lang='lat' dir='ltr'>raspeom</span> <span class='ocrx_word' id='word_1_846' title='bbox 883 5043 916 5093; x_wconf 88' lang='lat' dir='ltr'>ad</span> <span class='ocrx_word' id='word_1_847' title='bbox 936 5045 988 5109; x_wconf 86' lang='lat' dir='ltr'>jnm</span> <span class='ocrx_word' id='word_1_848' title='bbox 1039 5041 1164 5112; x_wconf 80' lang='lat' dir='ltr'>cuiusque</span> <span class='ocrx_word' id='word_1_849' title='bbox 1180 5039 1278 5106; x_wconf 84' lang='lat' dir='ltr'>judicio</span> <span class='ocrx_word' id='word_1_850' title='bbox 1296 5055 1428 5112; x_wconf 88' lang='lat' dir='ltr'>exponere</span> <span class='ocrx_word' id='word_1_851' title='bbox 1453 5042 1539 5095; x_wconf 87' lang='lat' dir='ltr'>liceat.</span> <span class='ocrx_word' id='word_1_852' title='bbox 1567 5043 1634 5094; x_wconf 81' lang='lat' dir='ltr'>Puto</span> <span class='ocrx_word' id='word_1_853' title='bbox 1660 5043 1725 5096; x_wconf 84' lang='lat' dir='ltr'>benc</span> <span class='ocrx_word' id='word_1_854' title='bbox 1755 5043 1864 5108; x_wconf 78' lang='lat' dir='ltr'>Ulpiani</span> 
     </span>
     <span class='ocr_line' id='line_1_86' title="bbox 176 5123 1868 5208; baseline -0.012 -18"><span class='ocrx_word' id='word_1_855' title='bbox 176 5139 246 5192; x_wconf 88' lang='lat' dir='ltr'>diota</span> <span class='ocrx_word' id='word_1_856' title='bbox 266 5136 368 5208; x_wconf 85' lang='lat' dir='ltr'>palam,</span> <span class='ocrx_word' id='word_1_857' title='bbox 387 5132 456 5202; x_wconf 76' lang='lat' dir='ltr'>qrrod</span> <span class='ocrx_word' id='word_1_858' title='bbox 480 5129 532 5181; x_wconf 87' lang='lat' dir='ltr'>dici</span> <span class='ocrx_word' id='word_1_859' title='bbox 545 5167 547 5170; x_wconf 82' lang='lat'>.</span> <span class='ocrx_word' id='word_1_860' title='bbox 559 5127 643 5200; x_wconf 87' lang='lat' dir='ltr'>possit</span> <span class='ocrx_word' id='word_1_861' title='bbox 668 5127 805 5178; x_wconf 84' lang='lat' dir='ltr'>mulierem</span> <span class='ocrx_word' id='word_1_862' title='bbox 830 5135 912 5180; x_wconf 88' lang='lat' dir='ltr'>tutam</span> <span class='ocrx_word' id='word_1_863' title='bbox 932 5143 989 5182; x_wconf 87' lang='lat' dir='ltr'>esse</span> <span class='ocrx_word' id='word_1_864' title='bbox 1039 5141 1095 5178; x_wconf 90' lang='lat' dir='ltr'>esse</span> <span class='ocrx_word' id='word_1_865' title='bbox 1113 5124 1278 5178; x_wconf 87' lang='lat' dir='ltr'>sententiam.</span> <span class='ocrx_word' id='word_1_866' title='bbox 1296 5125 1396 5192; x_wconf 83' lang='lat' dir='ltr'>injuste</span> <span class='ocrx_word' id='word_1_867' title='bbox 1412 5134 1486 5194; x_wconf 82' lang='lat' dir='ltr'>peter</span> <span class='ocrx_word' id='word_1_868' title='bbox 1504 5124 1722 5182; x_wconf 78' lang='lat' dir='ltr'>exbseredarerat</span> <span class='ocrx_word' id='word_1_869' title='bbox 1735 5123 1821 5180; x_wconf 73' lang='lat' dir='ltr'>fitium</span> <span class='ocrx_word' id='word_1_870' title='bbox 1839 5127 1868 5180; x_wconf 65' lang='grc' dir='ltr'>ιη</span> 
     </span>
    </p>
   </div>
   <div class='ocr_carea' id='block_1_10' title="bbox 1033 5207 1870 5532">
    <p class='ocr_par' dir='ltr' id='par_1_11' title="bbox 1033 5207 1870 5532">
     <span class='ocr_line' id='line_1_87' title="bbox 1036 5207 1860 5280; baseline -0.002 -18"><span class='ocrx_word' id='word_1_871' title='bbox 1036 5219 1168 5280; x_wconf 82' lang='lat' dir='ltr'>potestate</span> <span class='ocrx_word' id='word_1_872' title='bbox 1179 5207 1412 5262; x_wconf 69' lang='lat' dir='ltr'>existentemllic</span> <span class='ocrx_word' id='word_1_873' title='bbox 1424 5207 1552 5260; x_wconf 72' lang='lat' dir='ltr'>intentata</span> <span class='ocrx_word' id='word_1_874' title='bbox 1566 5218 1657 5262; x_wconf 90' lang='lat' dir='ltr'>contra</span> <span class='ocrx_word' id='word_1_875' title='bbox 1672 5217 1860 5264; x_wconf 73' lang='lat' dir='ltr'>testimenium</span> 
     </span>
     <span class='ocr_line' id='line_1_88' title="bbox 1039 5289 1870 5363; baseline -0.004 -17"><span class='ocrx_word' id='word_1_876' title='bbox 1039 5295 1160 5363; x_wconf 87' lang='lat' dir='ltr'>querela,</span> <span class='ocrx_word' id='word_1_877' title='bbox 1184 5289 1310 5343; x_wconf 84' lang='lat' dir='ltr'>obtinuit.</span> <span class='ocrx_word' id='word_1_878' title='bbox 1334 5290 1391 5343; x_wconf 84' lang='lat' dir='ltr'>Tali</span> <span class='ocrx_word' id='word_1_879' title='bbox 1410 5299 1503 5344; x_wconf 74' lang='lat' dir='ltr'>eventu</span> <span class='ocrx_word' id='word_1_880' title='bbox 1524 5298 1708 5345; x_wconf 75' lang='lat' dir='ltr'>testamentum</span> <span class='ocrx_word' id='word_1_881' title='bbox 1729 5294 1788 5362; x_wconf 88' lang='lat' dir='ltr'>ipso</span> <span class='ocrx_word' id='word_1_882' title='bbox 1809 5294 1870 5358; x_wconf 84' lang='lat' dir='ltr'>jure</span> 
     </span>
     <span class='ocr_line' id='line_1_89' title="bbox 1043 5371 1866 5442; baseline -0.005 -12"><span class='ocrx_word' id='word_1_883' title='bbox 1043 5377 1168 5430; x_wconf 89' lang='lat' dir='ltr'>recissum</span> <span class='ocrx_word' id='word_1_884' title='bbox 1185 5389 1242 5426; x_wconf 88' lang='lat' dir='ltr'>esse</span> <span class='ocrx_word' id='word_1_885' title='bbox 1255 5373 1361 5426; x_wconf 87' lang='lat' dir='ltr'>dicitur.</span> <span class='ocrx_word' id='word_1_886' title='bbox 1375 5371 1465 5442; x_wconf 80' lang='lat' dir='ltr'>legata</span> <span class='ocrx_word' id='word_1_887' title='bbox 1481 5383 1508 5423; x_wconf 87' lang='lat' dir='ltr'>et</span> <span class='ocrx_word' id='word_1_888' title='bbox 1520 5373 1655 5426; x_wconf 86' lang='lat' dir='ltr'>libertates</span> <span class='ocrx_word' id='word_1_889' title='bbox 1671 5372 1728 5442; x_wconf 88' lang='lat' dir='ltr'>ipsu</span> <span class='ocrx_word' id='word_1_890' title='bbox 1741 5375 1798 5440; x_wconf 81' lang='lat' dir='ltr'>jure</span> <span class='ocrx_word' id='word_1_891' title='bbox 1811 5391 1866 5426; x_wconf 90' lang='lat' dir='ltr'>nou</span> 
     </span>
     <span class='ocr_line' id='line_1_90' title="bbox 1033 5455 1870 5532; baseline -0.005 -18"><span class='ocrx_word' id='word_1_892' title='bbox 1033 5459 1152 5532; x_wconf 85' lang='lat' dir='ltr'>deberi,</span> <span class='ocrx_word' id='word_1_893' title='bbox 1172 5467 1198 5512; x_wconf 93' lang='lat' dir='ltr'>et</span> <span class='ocrx_word' id='word_1_894' title='bbox 1215 5456 1317 5510; x_wconf 86' lang='lat' dir='ltr'>condiri</span> <span class='ocrx_word' id='word_1_895' title='bbox 1337 5456 1361 5508; x_wconf 90' lang='lat' dir='ltr'>si</span> <span class='ocrx_word' id='word_1_896' title='bbox 1381 5457 1449 5509; x_wconf 90' lang='lat' dir='ltr'>icrte</span> <span class='ocrx_word' id='word_1_897' title='bbox 1467 5457 1519 5522; x_wconf 79' lang='lat' dir='ltr'>iam</span> <span class='ocrx_word' id='word_1_898' title='bbox 1539 5457 1713 5510; x_wconf 69' lang='lat' dir='ltr'>coturnum</span> <span class='ocrx_word' id='word_1_899' title='bbox 1740 5455 1814 5509; x_wconf 83' lang='lat' dir='ltr'>elicit.</span> <span class='ocrx_word' id='word_1_900' title='bbox 1834 5457 1870 5510; x_wconf 80' lang='lat' dir='ltr'>bt</span> 
     </span>
    </p>
   </div>
   <div class='ocr_carea' id='block_1_11' title="bbox 175 5539 1874 5881">
    <p class='ocr_par' dir='ltr' id='par_1_12' title="bbox 175 5539 1874 5632">
     <span class='ocr_line' id='line_1_91' title="bbox 175 5539 1874 5632; baseline -0.012 -20"><span class='ocrx_word' id='word_1_901' title='bbox 175 5567 235 5632; x_wconf 83' lang='lat' dir='ltr'>pust</span> <span class='ocrx_word' id='word_1_902' title='bbox 253 5557 369 5613; x_wconf 86' lang='lat' dir='ltr'>eamdem</span> <span class='ocrx_word' id='word_1_903' title='bbox 385 5573 437 5609; x_wconf 89' lang='lat' dir='ltr'>non</span> <span class='ocrx_word' id='word_1_904' title='bbox 453 5555 556 5607; x_wconf 88' lang='lat' dir='ltr'>licitum</span> <span class='ocrx_word' id='word_1_905' title='bbox 576 5554 660 5623; x_wconf 80' lang='lat' dir='ltr'>ipsein</span> <span class='ocrx_word' id='word_1_906' title='bbox 674 5543 947 5623; x_wconf 68' lang='lat' dir='ltr'>opponere,edeoone</span> <span class='ocrx_word' id='word_1_907' title='bbox 963 5561 996 5606; x_wconf 88' lang='lat' dir='ltr'>ut</span> <span class='ocrx_word' id='word_1_908' title='bbox 1043 5548 1077 5600; x_wconf 91' lang='lat' dir='ltr'>de</span> <span class='ocrx_word' id='word_1_909' title='bbox 1092 5541 1150 5597; x_wconf 85' lang='lat' dir='ltr'>lilio</span> <span class='ocrx_word' id='word_1_910' title='bbox 1168 5543 1196 5595; x_wconf 90' lang='lat' dir='ltr'>in</span> <span class='ocrx_word' id='word_1_911' title='bbox 1213 5547 1342 5606; x_wconf 83' lang='lat' dir='ltr'>potestate</span> <span class='ocrx_word' id='word_1_912' title='bbox 1359 5539 1504 5596; x_wconf 86' lang='lat' dir='ltr'>constituto</span> <span class='ocrx_word' id='word_1_913' title='bbox 1530 5540 1614 5609; x_wconf 77' lang='lat' dir='ltr'>legem</span> <span class='ocrx_word' id='word_1_914' title='bbox 1640 5557 1716 5610; x_wconf 78' lang='lat' dir='ltr'>egere</span> <span class='ocrx_word' id='word_1_915' title='bbox 1742 5550 1874 5610; x_wconf 86' lang='lat' dir='ltr'>apparet,</span> 
     </span>
    </p>

    <p class='ocr_par' dir='ltr' id='par_1_13' title="bbox 177 5623 1863 5710">
     <span class='ocr_line' id='line_1_92' title="bbox 177 5623 1863 5710; baseline -0.012 -12"><span class='ocrx_word' id='word_1_916' title='bbox 177 5644 271 5697; x_wconf 88' lang='lat' dir='ltr'>mulier</span> <span class='ocrx_word' id='word_1_917' title='bbox 301 5640 547 5694; x_wconf 87' lang='lat' dir='ltr'>condemnationem</span> <span class='ocrx_word' id='word_1_918' title='bbox 564 5653 690 5710; x_wconf 69' lang='lat' dir='ltr'>,pessare</span> <span class='ocrx_word' id='word_1_919' title='bbox 715 5635 830 5705; x_wconf 82' lang='lat' dir='ltr'>objicis,</span> <span class='ocrx_word' id='word_1_920' title='bbox 856 5637 993 5689; x_wconf 87' lang='lat' dir='ltr'>mulierem</span> <span class='ocrx_word' id='word_1_921' title='bbox 1042 5631 1111 5702; x_wconf 87' lang='lat' dir='ltr'>quod</span> <span class='ocrx_word' id='word_1_922' title='bbox 1132 5629 1244 5680; x_wconf 90' lang='lat' dir='ltr'>rescisso</span> <span class='ocrx_word' id='word_1_923' title='bbox 1264 5633 1418 5678; x_wconf 76' lang='lat' dir='ltr'>testamento</span> <span class='ocrx_word' id='word_1_924' title='bbox 1437 5624 1650 5678; x_wconf 70' lang='lat' dir='ltr'>nausearent.</span> <span class='ocrx_word' id='word_1_925' title='bbox 1670 5623 1863 5678; x_wconf 72' lang='lat' dir='ltr'>dicerunllam</span> 
     </span>
    </p>

    <p class='ocr_par' dir='ltr' id='par_1_14' title="bbox 175 5689 1865 5881">
     <span class='ocr_line' id='line_1_93' title="bbox 175 5689 1865 5847; baseline -0.01 -66"><span class='ocrx_word' id='word_1_926' title='bbox 175 5727 221 5781; x_wconf 87' lang='lat' dir='ltr'>ubi</span> <span class='ocrx_word' id='word_1_927' title='bbox 239 5727 327 5796; x_wconf 82' lang='lat' dir='ltr'>agitur</span> <span class='ocrx_word' id='word_1_928' title='bbox 343 5725 375 5781; x_wconf 85' lang='lat' dir='ltr'>de</span> <span class='ocrx_word' id='word_1_929' title='bbox 394 5723 490 5777; x_wconf 87' lang='lat' dir='ltr'>damno</span> <span class='ocrx_word' id='word_1_930' title='bbox 507 5721 661 5788; x_wconf 74' lang='lat' dir='ltr'>stertendo,</span> <span class='ocrx_word' id='word_1_931' title='bbox 680 5721 853 5792; x_wconf 77' lang='lat' dir='ltr'>ignorantiam</span> <span class='ocrx_word' id='word_1_932' title='bbox 865 5723 994 5792; x_wconf 86' lang='lat' dir='ltr'>exceptio·</span> <span class='ocrx_word' id='word_1_933' title='bbox 1019 5689 1025 5789; x_wconf 81' lang='grc' dir='ltr'><em>Ι</em></span> <span class='ocrx_word' id='word_1_934' title='bbox 1046 5719 1068 5772; x_wconf 90' lang='grc' dir='ltr'>ιί</span> <span class='ocrx_word' id='word_1_935' title='bbox 1083 5715 1260 5785; x_wconf 88' lang='lat' dir='ltr'>emancipatus</span> <span class='ocrx_word' id='word_1_936' title='bbox 1274 5713 1370 5782; x_wconf 81' lang='lat' dir='ltr'>injuste</span> <span class='ocrx_word' id='word_1_937' title='bbox 1384 5710 1586 5847; x_wconf 55' lang='grc' dir='ltr'>ιιιὲἓιιιιιιι,</span> <span class='ocrx_word' id='word_1_938' title='bbox 1598 5709 1750 5783; x_wconf 86' lang='lat' dir='ltr'>(quippeet</span> <span class='ocrx_word' id='word_1_939' title='bbox 1763 5711 1806 5764; x_wconf 89' lang='lat' dir='ltr'>bic</span> <span class='ocrx_word' id='word_1_940' title='bbox 1819 5727 1865 5765; x_wconf 88' lang='lat' dir='ltr'>ex·</span> 
     </span>
     <span class='ocr_line' id='line_1_94' title="bbox 264 5808 875 5881; baseline 0 -21"><span class='ocrx_word' id='word_1_941' title='bbox 264 5809 365 5881; x_wconf 69' lang='lat' dir='ltr'>Strylii</span> <span class='ocrx_word' id='word_1_942' title='bbox 388 5808 448 5863; x_wconf 80' lang='lat' dir='ltr'>Vot.</span> <span class='ocrx_word' id='word_1_943' title='bbox 473 5812 505 5864; x_wconf 83' lang='lat' dir='ltr'>V.</span> <span class='ocrx_word' id='word_1_944' title='bbox 871 5841 875 5847; x_wconf 77' lang='lat'><strong>·</strong></span> 
     </span>
    </p>
   </div>
   <div class='ocr_carea' id='block_1_12' title="bbox 175 5210 992 5538">
    <p class='ocr_par' dir='ltr' id='par_1_15' title="bbox 175 5210 992 5538">
     <span class='ocr_line' id='line_1_95' title="bbox 176 5210 992 5296; baseline -0.015 -19"><span class='ocrx_word' id='word_1_945' title='bbox 176 5226 235 5296; x_wconf 82' lang='lat' dir='ltr'>ipsc</span> <span class='ocrx_word' id='word_1_946' title='bbox 250 5225 318 5290; x_wconf 75' lang='lat' dir='ltr'>iure.</span> <span class='ocrx_word' id='word_1_947' title='bbox 337 5217 479 5270; x_wconf 73' lang='lat' dir='ltr'>Enimvero</span> <span class='ocrx_word' id='word_1_948' title='bbox 496 5231 548 5267; x_wconf 91' lang='lat' dir='ltr'>nen</span> <span class='ocrx_word' id='word_1_949' title='bbox 567 5223 642 5266; x_wconf 90' lang='lat' dir='ltr'>extra</span> <span class='ocrx_word' id='word_1_950' title='bbox 660 5211 790 5264; x_wconf 87' lang='lat' dir='ltr'>rationem</span> <span class='ocrx_word' id='word_1_951' title='bbox 806 5210 867 5281; x_wconf 84' lang='lat' dir='ltr'>quis</span> <span class='ocrx_word' id='word_1_952' title='bbox 884 5228 992 5279; x_wconf 90' lang='lat' dir='ltr'>quaere·</span> 
     </span>
     <span class='ocr_line' id='line_1_96' title="bbox 175 5295 991 5376; baseline -0.015 -17"><span class='ocrx_word' id='word_1_953' title='bbox 175 5318 233 5372; x_wconf 80' lang='lat' dir='ltr'>ret,</span> <span class='ocrx_word' id='word_1_954' title='bbox 247 5307 307 5376; x_wconf 87' lang='lat' dir='ltr'>quis</span> <span class='ocrx_word' id='word_1_955' title='bbox 325 5302 431 5366; x_wconf 75' lang='lat' dir='ltr'>alienus</span> <span class='ocrx_word' id='word_1_956' title='bbox 449 5298 629 5376; x_wconf 71' lang='lat' dir='ltr'>differentiae,</span> <span class='ocrx_word' id='word_1_957' title='bbox 641 5315 675 5350; x_wconf 90' lang='lat' dir='ltr'>an</span> <span class='ocrx_word' id='word_1_958' title='bbox 694 5295 790 5352; x_wconf 88' lang='lat' dir='ltr'>mulier</span> <span class='ocrx_word' id='word_1_959' title='bbox 807 5304 864 5348; x_wconf 87' lang='lat' dir='ltr'>tuta</span> <span class='ocrx_word' id='word_1_960' title='bbox 882 5295 919 5348; x_wconf 87' lang='lat' dir='ltr'>ait</span> <span class='ocrx_word' id='word_1_961' title='bbox 930 5297 991 5368; x_wconf 88' lang='lat' dir='ltr'>ipso</span> 
     </span>
     <span class='ocr_line' id='line_1_97' title="bbox 175 5381 991 5466; baseline -0.01 -22"><span class='ocrx_word' id='word_1_962' title='bbox 175 5399 246 5466; x_wconf 84' lang='lat' dir='ltr'>jore,</span> <span class='ocrx_word' id='word_1_963' title='bbox 259 5407 293 5444; x_wconf 90' lang='lat' dir='ltr'>au</span> <span class='ocrx_word' id='word_1_964' title='bbox 304 5405 351 5461; x_wconf 90' lang='lat' dir='ltr'>per</span> <span class='ocrx_word' id='word_1_965' title='bbox 363 5382 565 5460; x_wconf 79' lang='lat' dir='ltr'>exceptionem?</span> <span class='ocrx_word' id='word_1_966' title='bbox 578 5381 714 5453; x_wconf 75' lang='lat' dir='ltr'>Respond.</span> <span class='ocrx_word' id='word_1_967' title='bbox 728 5381 914 5452; x_wconf 86' lang='lat' dir='ltr'>Exceptiunem</span> <span class='ocrx_word' id='word_1_968' title='bbox 928 5399 991 5437; x_wconf 90' lang='lat' dir='ltr'>oon-</span> 
     </span>
     <span class='ocr_line' id='line_1_98' title="bbox 177 5467 991 5538; baseline -0.016 -7"><span class='ocrx_word' id='word_1_969' title='bbox 177 5479 323 5532; x_wconf 88' lang='lat' dir='ltr'>teetendam</span> <span class='ocrx_word' id='word_1_970' title='bbox 333 5490 394 5527; x_wconf 85' lang='lat' dir='ltr'>ease</span> <span class='ocrx_word' id='word_1_971' title='bbox 403 5481 463 5525; x_wconf 89' lang='lat' dir='ltr'>unte</span> <span class='ocrx_word' id='word_1_972' title='bbox 477 5472 551 5524; x_wconf 88' lang='lat' dir='ltr'>litem</span> <span class='ocrx_word' id='word_1_973' title='bbox 564 5478 737 5523; x_wconf 75' lang='lat' dir='ltr'>contestatum</span> <span class='ocrx_word' id='word_1_974' title='bbox 752 5468 771 5518; x_wconf 89' lang='lat' dir='ltr'>l.</span> <span class='ocrx_word' id='word_1_975' title='bbox 779 5467 806 5518; x_wconf 79' lang='lat'>8.</span> <span class='ocrx_word' id='word_1_976' title='bbox 814 5485 836 5520; x_wconf 83' lang='lat' dir='ltr'>c·</span> <span class='ocrx_word' id='word_1_977' title='bbox 845 5467 879 5520; x_wconf 84' lang='lat' dir='ltr'>de</span> <span class='ocrx_word' id='word_1_978' title='bbox 888 5479 991 5538; x_wconf 66' lang='lat' dir='ltr'>except.</span> 
     </span>
    </p>
   </div>
   <div class='ocr_carea' id='block_1_13' title="bbox 0 0 2228 6213">
    <p class='ocr_par' dir='ltr' id='par_1_16' title="bbox 0 0 2228 6213">
     <span class='ocr_line' id='line_1_99' title="bbox 0 0 2228 6213; baseline 0 0"><span class='ocrx_word' id='word_1_979' title='bbox 0 0 2228 6213; x_wconf 95' lang='lat' dir='ltr'> </span> 
     </span>
    </p>
   </div>
  </div>
 </body>
</html>
